2106 3453
629 231 821 265 Tractatus
852 232 889 266 V.
942 231 993 265 De
1021 232 1266 267 sacramentis
1676 231 1766 267 151*

275 335 380 375 Ecce
416 337 645 386 utrumque
678 335 909 387 probatum
952 338 1026 386 est,
1071 335 1229 377 scilicet
1268 336 1384 388 quod
1419 349 1504 376 non
1538 335 1767 377 dimittitur

133 411 256 451 alicui
296 413 520 462 peccatum
568 411 832 452 remanendo
872 411 913 452 in
953 412 1037 453 alio
1078 415 1119 453 et
1152 412 1268 464 quod
1308 412 1549 453 dimittitur.
1614 412 1658 452 Si
1691 425 1766 452 vo—

132 487 274 527 lumus
307 490 465 536 tencre,
502 487 617 538 quod
651 487 892 537 dimittitur,
927 490 1145 529 extremae
1179 488 1458 528 auctoritates
1493 487 1653 528 faciunt
1686 501 1763 539 pro

130 562 268 603 nobis.
332 562 502 603 Primae
535 575 621 603 uno
655 563 784 604 modo
817 563 1159 605 determinantur
1199 566 1240 605 et
1278 564 1312 604 si
1353 577 1464 616 quae
1505 564 1614 605 aliae
1646 564 1764 604 inve-

130 639 306 679 niuntur
350 651 461 690 quae
507 639 672 688 dicant,
737 639 852 691 quod
898 652 984 679 non
1030 639 1272 680 dimittatur
1315 642 1541 692 peccatum
1587 640 1666 680 nisi
1711 640 1763 680 de

130 714 331 755 omnibus
371 715 646 756 confiteatur:
688 728 773 755 non
814 715 1042 756 dimittitur
1075 718 1285 768 quantum
1320 716 1373 758 ad
1408 716 1762 757 resurrectionem

129 790 302 842 gloriae,
337 791 411 831 sed
445 791 674 831 dimittitur
706 794 916 843 quantum
952 793 1006 832 ad
1040 792 1359 834 absolutionem
1393 793 1557 845 culpae.

274 866 373 907 Alii
407 867 605 917 dicunt,
639 867 754 919 quod
788 868 903 908 nullo
937 869 1067 908 modo
1103 868 1214 908 valet
1248 871 1289 909 et
1321 881 1406 908 non
1440 868 1518 909 fuit
1544 868 1625 909 nisi
1652 868 1764 910 fictio

129 944 169 982 et
203 942 372 992 derisio,
408 943 523 995 quod
553 943 615 983 sic
650 943 870 984 confessus
904 947 985 990 est:
1021 945 1122 996 quia
1150 957 1236 985 non
1264 958 1493 997 possumus
1521 944 1647 985 simul
1677 946 1763 985 Deo

127 1019 287 1059 servire
320 1021 359 1059 et
394 1032 672 1059 mammonae
706 1019 872 1072 (Msez‘tlz.
896 1019 1039 1072 6724),
1074 1033 1159 1060 non
1195 1033 1427 1072 possumus
1461 1021 1587 1061 simu]
1620 1021 1763 1062 vivere

128 1097 170 1158 et
203 1095 324 1136 mori.
390 1095 637 1136 Auctoritas
670 1095 758 1136 illa:
806 1095 966 1136 Civitas
1001 1109 1051 1136 ex
1082 1099 1207 1148 parte
1248 1096 1508 1149 compluitur
1541 1099 1635 1147 etc„
1677 1110 1762 1138 non

128 1170 242 1220 dicit,
283 1171 383 1223 quia
424 1184 474 1211 ex
507 1173 630 1222 parte
663 1171 896 1212 mundetur
928 1171 1075 1212 anima
1109 1174 1147 1213 et
1183 1186 1234 1212 ex
1266 1176 1388 1225 parte
1421 1172 1596 1214 sordida
1622 1186 1764 1215 rema-

126 1249 239 1297 neat,
283 1247 356 1288 sed
395 1260 472 1299 per
505 1247 634 1288 talem
663 1247 974 1288 confessionem
1014 1248 1153 1288 minus
1187 1249 1302 1289 mala
1337 1249 1518 1290 videtur.
1583 1249 1628 1290 Si
1661 1263 1762 1291 vero

127 1323 258 1365 instat
289 1325 491 1376 peccator
524 1325 564 1364 et
598 1323 688 1364 Vult
721 1324 914 1365 confiteri
946 1324 999 1365 de
1032 1337 1118 1364 uno
1164 1325 1428 1366 remanendo
1462 1326 1503 1366 iu
1538 1325 1635 1376 alio,
1677 1339 1763 1366 non

129 1402 193 1442 est
226 1400 474 1452 negandum
509 1400 748 1441 consilium.
800 1400 1110 1442 Verumtamen
1137 1401 1262 1442 debet
1292 1415 1387 1442 eum
1418 1415 1592 1443 monere
1624 1415 1764 1444 sacer·
1803 1412 1818 1436 5

132 1476 210 1516 dos
244 1478 285 1517 et
319 1476 459 1517 dicere
494 1476 543 1526 ei,
578 1476 693 1528 quod
728 1489 813 1516 non
849 1476 961 1518 valet
995 1477 1031 1517 ei
1064 1477 1120 1518 ad
1146 1477 1345 1524 salutem,
1378 1478 1457 1519 nisi
1484 1479 1537 1519 de
1564 1479 1764 1520 omnibus

131 1553 401 1594 confiteatur.
467 1552 644 1605 Incipiet
687 1555 831 1594 tamen
875 1554 1031 1604 valere,
1079 1567 1175 1594 cuni
1218 1554 1270 1595 de
1310 1555 1510 1596 omnibus
1544 1557 1764 1597 confessus

125 1630 265 1679 fuerit,
300 1629 421 1670 sicuti
455 1628 602 1680 incipit
636 1629 777 1670 valere
809 1629 1050 1682 baptismus
1084 1630 1152 1680 illi,
1197 1631 1269 1682 qui
1302 1631 1399 1672 ficte
1432 1633 1626 1682 accessit,
1666 1646 1762 1674 cum

126 1706 239 1746 fictio
274 1705 326 1746 de
359 1706 463 1746 orde
495 1706 718 1747 recesserit
751 1706 816 1746 vei
849 1706 996 1759 incipit
1034 1707 1248 1749 recedere.

268 1782 411 1823 Solet
437 1782 618 1834 quaeri
645 1782 703 1823 de
732 1782 824 1833 his,
860 1783 943 1835 qui
977 1796 1131 1824 causa
1160 1784 1505 1827 verecundiae
1541 1786 1761 1827 diversis

126 1859 484 1900 sacerdotibus
527 1872 618 1900 sua
663 1859 982 1900 confitentur
1029 1863 1257 1912 peccata.
1341 1861 1402 1902 De
1452 1861 1610 1903 talibus
1663 1863 1764 1905 dicit

127 1935 494 1987 Augustinus1:
532 1936 709 1984 ‚Cautus
743 1936 796 1977 sit
828 1936 1066 1988 paenitens,
1102 1950 1154 1977 ne
1185 1937 1440 1979 verecundia
1474 1939 1628 1980 ductus
1662 1953 1762 1980 con-

126 2012 354 2053 fessionem
394 2012 510 2064 apud
543 2026 588 2053 se
621 2012 804 2062 dividat;
851 2013 1066 2065 quaedam
1113 2014 1225 2054 enim
1267 2016 1336 2054 uni
1379 2015 1501 2065 celat,
1547 2017 1761 2069 quaedam

125 2088 193 2129 alii
238 2088 554 2130 manifestanda
594 2092 803 2138 reservat;
848 2090 962 2141 quod
1003 2092 1068 2130 est
1110 2104 1154 2131 se
1195 2090 1355 2131 iustum
1398 2091 1549 2143 facere,
1592 2106 1763 2146 semper

125 2170 269 2206 autem
305 2166 429 2205 venia
462 2178 620 2215 carere,
655 2178 785 2217 quam
820 2179 896 2218 per
928 2166 1086 2207 frustra
1119 2167 1288 2219 putavit
1320 2167 1539 2209 invenire‘.

266 2241 390 2281 Item
435 2241 720 2293 quaeritur,
767 2242 806 2283 si
847 2255 945 2283 non
989 2245 1162 2295 potest
1201 2243 1441 2285 confiteri
1480 2246 1759 2295 sacerdoti,

125 2316 245 2370 quid
278 2318 342 2357 sit
376 2317 417 2358 ei
450 2317 756 2359 faciendum.
821 2318 1142 2370 Augustinus
1175 2319 1326 2361 dicit2:
1369 2320 1464 2370 ‚Qui
1499 2333 1585 2361 non
1617 2324 1761 2374 potest

266 2499 286 2532 6
313 2498 546 2533 confiteamur
567 2499 608 2534 B.
706 2512 775 2534 non
802 2502 974 2544 quantum
1001 2501 1044 2534 ad
1071 2501 1367 2535 resurrectionem
1395 2501 1530 2545 gloriae
1558 2513 1625 2535 non
1648 2502 1762 2536 dimit-

123 2558 212 2592 titur
230 2561 269 2592 A.
337 2558 357 2592 8
382 2559 486 2602 quod]
517 2559 599 2603 quia
614 2562 656 2593 A.
729 2560 766 2594 11
799 2562 834 2593 et
860 2560 943 2604 quia
969 2572 1037 2594 non
1065 2561 1150 2595 dicit
1166 2565 1204 2594 A.
1278 2561 1318 2594 13
1345 2561 1439 2594 mala
1466 2574 1529 2595 om.
1551 2563 1589 2595 H.
1660 2563 1701 2595 16
1729 2562 1761 2596 ei

124 2621 247 2653 om.A.
348 2618 390 2652 19
406 2624 488 2662 post
515 2619 680 2653 recedere
716 2621 798 2654 add.
827 2621 858 2653 B
884 2620 985 2653 iuxta
1022 2619 1107 2654 illud
1144 2621 1353 2663 Augustini:
1389 2620 1491 2654 Pium
1527 2624 1582 2654 est
1617 2621 1760 2656 credere

125 2679 161 2711 et
187 2679 307 2712 nostra
334 2677 422 2712 fides
449 2678 670 2722 expostulat;
699 2680 737 2712 ut
764 2690 841 2712 cum
865 2678 959 2713 Deus
988 2680 1216 2720 destruxerit,
1245 2680 1336 2724 quod
1358 2692 1459 2714 suum
1481 2692 1549 2714 non
1571 2681 1758 2722 invenerit,

123 2736 251 2779 diligat
271 2740 306 2770 et
327 2740 431 2776 amet,
453 2737 545 2781 quod
567 2739 773 2782 peccantem
793 2738 982 2782 plantavit.
1033 2739 1078 2773 20
1098 2739 1228 2783 νεῖρα]
1249 2739 1478 2773 necessitatis
1494 2743 1534 2773 A.
1587 2740 1630 2774 23
1652 2741 1757 2785 apud]

124 2798 206 2830 ante
233 2799 275 2830 A.
376 2808 469 2841 quae
497 2798 539 2830 Β.
640 2797 778 2831 24-25
806 2800 843 2832 et
868 2809 1010 2843 semper
1034 2800 1140 2833 venia
1165 2799 1210 2835 Β.
1307 2799 1351 2832 27
1378 2799 1471 2843 quod
1498 2802 1540 2833 A.

269 2967 278 2985 ¹
305 2967 403 3001 Haec
430 2970 466 3001 et
491 2969 679 3012 sequentia
705 2968 893 3014 desumpta
919 2972 1003 3004 sunt
1029 2982 1073 3003 ex
1094 2972 1253 3004 tractatu
1280 2972 1331 3004 De
1356 2982 1438 3004 vera
1458 2977 1489 3004 et
1511 2973 1609 3014 falsa
1633 2975 1759 3015 paeni-

125 3029 232 3060 tentia
258 3027 367 3070 vulgo
394 3026 426 3062 S.
454 3026 704 3070 Augustino
732 3028 922 3073 adscripto.
974 3029 1056 3066 (PL.
1083 3028 1139 3068 40,
1169 3029 1270 3069 1125,
1299 3030 1369 3069 26).

268 3085 280 3103 ‘²
305 3098 334 3120 c.
359 3087 388 3122 1.
415 3086 496 3122 dist.
518 3087 546 3122 6.
577 3087 619 3121 de
643 3099 761 3132 paen.;
789 3089 834 3122 cf.
862 3088 1133 3132 pst-August.
1162 3088 1200 3125 L.
1228 3101 1256 3124 c.
1284 3101 1317 3134 p.
1346 3089 1448 3123 1122.

1786 1033 1817 1057 10

1782 1797 1816 1821 20

1782 2178 1814 2202 25
