2106 3453
482 244 672 281 Tractatus
698 246 759 282 IV.
808 244 861 281 De
887 249 1111 281 sacramento
1137 246 1401 282 incarnationis.
1689 246 1758 282 79*

131 350 230 402 quia
264 363 341 391 nec
374 350 545 392 dilectio
580 351 709 391 timor
741 364 818 392 nec
852 351 980 392 timor
1014 351 1091 391 erit
1130 351 1312 401 dilectio,
1356 351 1487 392 immo
1526 354 1758 404 utrumque

129 426 416 468 substantiam
448 439 554 467 suae
588 426 818 468 creationis
851 426 1053 476 servabit,
1094 428 1147 467 ut⁴
1173 426 1281 466 sicut
1320 440 1446 477 nunc,
1482 427 1540 467 ita
1573 430 1615 467 et
1656 430 1757 468 tunc

130 501 182 541 sit
214 501 383 542 affectio
418 502 501 543 alia
534 501 691 542 caritas
724 505 766 543 et
799 502 882 543 alia
915 502 1056 551 timor,
1091 515 1177 542 non
1205 505 1349 543 tamen
1380 502 1458 543 erit
1485 503 1642 544 caritas
1669 504 1758 544 sive

130 576 258 617 timor
290 590 446 628 genere
478 576 622 630 passio
657 577 766 618 sicut
799 590 924 628 nunc,
960 578 1034 618 sed
1069 577 1237 618 affectio
1271 576 1531 630 simpliciter.

272 654 310 694 3.
369 652 651 702 Quaeritur
697 653 850 695 etiam
898 666 1006 694 cum
1041 653 1507 706 Christus-plenus
1553 657 1599 694 et
1644 667 1795 707 per-5

128 729 292 770 fectus
327 730 458 770 Deus
492 732 539 770 et
572 729 722 770 homo
756 729 969 782 abipsa
1011 730 1370 782 conceptione,
1414 731 1453 770 si
1496 730 1542 771 in
1586 730 1758 783 aliquo

128 805 388 858 proficere,
425 806 656 857 potuerit
702 806 780 847 vel
821 806 1119 858 profecerit,
1165 807 1203 846 si
1249 806 1493 848 maiorem
1532 807 1758 848 beatitu-

129 881 293 923 dinem
328 882 695 934 promeruerit.
761 883 887 932 Quod
921 882 1115 924 Christus
1155 883 1196 923 in
1241 883 1357 924 nullo
1398 883 1650 935 profecisset
1681 897 1760 924 nec

129 957 291 1008 aliquid
322 959 644 1010 promeruisset,
679 959 853 1011 probari
889 972 1015 1011 posse
1048 959 1228 999 videtur.
1293 959 1412 1000 Sicut
1443 960 1498 1000 ab
1532 960 1624 1012 ipsa
1657 973 1759 1000 con-

129 1033 330 1086 ceptione
361 1034 515 1087 plenus
556 1035 694 1086 gratia
736 1038 776 1076 et
810 1035 991 1076 veritate
1037 1035 1117 1075 fuit
1161 1049 1239 1076 nec
1282 1035 1433 1077 melior
1473 1049 1551 1076 nec
1594 1036 1761 1077 beatior
1783 1046 1814 1070 10

128 1112 226 1162 post
259 1111 616 1151 resurrectionem
659 1123 790 1164 quam
825 1113 938 1160 ante,
979 1111 1037 1151 sic
1080 1111 1206 1161 igitur
1247 1124 1343 1151 cum
1379 1111 1573 1152 Christus
1615 1111 1761 1153 omnia

131 1185 304 1236 habeat,
347 1186 449 1226 nihil
491 1186 527 1226 ei
567 1186 706 1227 meriti
745 1186 894 1226 datum
929 1186 1057 1227 fuisse
1096 1186 1276 1228 videtur.
1341 1187 1465 1227 Unde
1509 1187 1760 1240 Hierony-

129 1262 280 1302 musl:
318 1261 525 1311 ,Christus
559 1262 600 1302 in
633 1262 749 1302 nullo
782 1262 990 1314 proficere
1023 1262 1193 1315 potuit.b

271 1337 337 1377 Ad
365 1337 446 1379 hoc
473 1337 668 1388 dicimus,
703 1338 803 1390 quia
831 1338 1026 1379 Christus
1053 1338 1132 1378 sibi
1160 1341 1202 1379 et
1228 1338 1351 1379 nobis
1379 1339 1535 1379 meruit
1552 1341 1566 1356 ³
1638 1338 1761 1380 Unde

129 1413 435 1466 Apostolus:
469 1414 643 1467 Propter
668 1414 739 1454 hoc
765 1414 960 1455 exaltabit
986 1415 1103 1454 ‘illum
1130 1418 1165 1454 et
1190 1414 1359 1454 donavit
1385 1417 1464 1455 etc.
1493 1414 1617 1469 (Phil.
1645 1415 1760 1468 29).
1784 1425 1815 1449 15

129 1489 180 1530 Et
200 1489 501 1531 Psalmista:
534 1490 596 1530 De
620 1494 797 1530 torrente
825 1491 868 1530 in
900 1491 961 1530 via
991 1490 1103 1542 hibet,
1127 1494 1346 1544 propterea
1370 1492 1446 1531 etc.
1476 1490 1563 1544 (Ps.
1589 1490 1759 1544 1⁰27).

129 1565 380 1606 Absurdum
424 1578 596 1618 quoque
640 1565 759 1615 foret,
804 1566 920 1618 quod
966 1578 1098 1618 opera
1137 1565 1291 1606 Christi
1336 1565 1491 1606 nullius
1536 1565 1676 1607 meriti
1721 1569 1760 1607 et

128 1641 344 1683 efficaciae
377 1644 532 1683 essent.

271 1717 340 1758 Sic
374 1717 501 1769 igitur
534 1718 766 1759 asserimus
799 1718 939 1758 solum
973 1717 1191 1758 Christum
1225 1717 1305 1758 sibi
1340 1720 1380 1758 et
1423 1718 1546 1758 nobis
1587 1718 1762 1759 nomine

129 1806 229 1834 vero
265 1793 484 1835 meruisse.
549 1793 638 1834 Sibi
673 1794 828 1835 meruit
860 1793 1096 1835 secundum
1125 1794 1317 1835 animam
1346 1796 1387 1834 et
1414 1806 1581 1846 corpus
1648 1794 1761 1835 Ante
1781 1808 1815 1833 20

129 1870 485 1911 resurrectionem
520 1870 734 1911 tristitiam
771 1872 813 1911 et
845 1870 1038 1911 dolorem
1065 1870 1296 1921 sustinuit,
1331 1870 1465 1911 unde:
1526 1870 1676 1910 Tristis
1707 1874 1763 1910 est

129 1946 270 1986 anima
303 1960 389 1986 mea
424 1949 502 1988 etc.
538 1946 707 2000 (Mami.
743 1946 917 1998 226,38),
958 1948 1083 2000 coepit
1124 1946 1311 1986 Christus
1337 1959 1488 1999 pavere
1528 1951 1564 1986 et
1606 1946 1762 1986 taedere

130 2021 295 2075 (Mattle.
330 2022 505 2075 2(Ῑ,3’7).
569 2022 615 2063 In
636 2023 962 2064 resurrectione
995 2035 1097 2063 vero
1132 2036 1305 2064 omnem
1340 2022 1557 2063 tristitiam
1584 2035 1642 2063 ¹ac
1685 2022 1762 2062 do-

129 2098 261 2139 lorem
296 2099 507 2151 deposuit.
571 2098 774 2139 Similiter
807 2111 962 2151 corpus
996 2099 1086 2140 eius
1119 2098 1334 2151 passibile,
1369 2099 1444 2139 sed
1472 2112 1548 2150 per
1575 2101 1758 2139 mortem

129 2174 171 2214 in
204 2175 517 2216 resurrectione
549 2174 804 2216 innovatum
839 2177 903 2215 est
937 2175 1310 2226 et'glorificatum.
1782 2192 1815 2216 25

272 2251 378 2291 Ecce
411 2251 631 2303 quomodo
664 2251 820 2292 meruit
848 2252 1083 2292 secundum
1113 2251 1302 2293 animam
1333 2253 1374 2291 et
1401 2264 1569 2303 corpus.
1629 2251 1762 2291 Nobis

131 2340 303 2381 quoque
330 2327 485 2368 meruit
506 2327 803 2368 remissionem
832 2330 1124 2380 peccatorum,
1152 2327 1515 2377 iustificationem,
1545 2327 1761 2376 virtutem,

131 2405 314 2445 salutem
349 2407 585 2445 aeternam.
650 2403 907 2456 Quicunque
941 2405 1052 2445 enim
1081 2417 1158 2456 per
1185 2404 1311 2445 fldem
1341 2405 1494 2445 salvati
1521 2406 1634 2453 sunt,
1662 2417 1760 2456 pas-

131 2480 250 2521 sione
284 2480 374 2520 eius
407 2482 447 2520 et
478 2482 619 2520 morte
652 2480 818 2522 salvati
839 2482 882 2520 et
914 2480 1083 2522 liberati
1115 2483 1228 2521 sunt.

273 2605 293 2638 3
332 2605 400 2638 erit
437 2617 501 2640 om.
526 2608 566 2638 A.
684 2606 704 2638 5
739 2605 905 2639 Christus
943 2618 1008 2640 om.
1030 2608 1073 2640 Α.
1193 2606 1234 2640 10
1266 2617 1331 2639 nec
1361 2605 1498 2647 melior]
1534 2616 1598 2639 nec
1634 2617 1699 2638 om.
1721 2607 1763 2638 A.

134 2664 176 2698 16
203 2667 239 2698 et
264 2664 459 2698 psalmista
484 2676 546 2700 om.
579 2666 619 2698 B.
720 2665 760 2699 17
784 2671 865 2708 post
891 2664 1023 2698 nullius
1050 2667 1133 2698 add.
1156 2667 1187 2698 B
1213 2665 1383 2698 utilitatis
1403 2664 1545 2698 nullius.
1648 2664 1688 2698 18
1717 2665 1764 2697 ef-

132 2723 240 2757 ficatii
258 2726 300 2758 A.
398 2723 442 2757 25
464 2726 519 2770 est
539 2736 603 2757 om.
619 2725 661 2757 B.
759 2724 804 2757 28
825 2726 908 2758 sunt
926 2735 990 2758 om.
1005 2726 1045 2758 B.
1131 2724 1271 2757 28—29
1292 2723 1470 2768 passionis
1491 2723 1567 2757 eius
1582 2723 1707 2757 mortis
1722 2725 1763 2756 B.

277 2827 283 2843 ¹
313 2827 341 2859 A
368 2826 542 2867 magistro
568 2825 763 2860 Rolando
791 2828 826 2860 et
865 2825 1109 2860 Omnebene
1141 2826 1198 2860 hic
1224 2826 1323 2860 locus
1354 2825 1620 2869 Augustino,
1654 2837 1674 2859 a
1701 2827 1764 2859 SS.

133 2885 161 2919 G
173 2885 346 2928 regorio
361 2885 566 2919 ascribitur:
595 2885 671 2919 Non
687 2884 811 2919 habuit
826 2885 945 2919 anima
959 2885 1102 2926 Christi,
1119 2885 1153 2919 in
1170 2897 1237 2929 quo
1252 2885 1366 2929 possit
1380 2884 1574 2928 proficereJ
1626 2883 1763 2923 Gietl,

133 2944 169 2978 L.
186 2956 215 2980 e.
239 2956 272 2989 p.
290 2943 373 2978 167ss
392 2944 559 2978 lectorem
588 2944 630 2978 ad
665 2943 714 2979 St.
736 2943 913 2987 Gregor.
935 2944 1096 2985 remittit,
1131 2944 1259 2979 Homil.
1282 2944 1317 2977 in
1343 2943 1498 2977 Ezech.
1526 2943 1547 2976 l.
1572 2943 1596 2976 l.
1617 2940 1711 2977 hom.
1732 2942 1763 2977 6.

132 3015 165 3038 n.
185 3004 217 3037 8.
240 3003 322 3045 (PL.
350 3004 404 3043 76,
426 3003 493 3037 832
509 3006 570 3042 A):
608 3003 697 3037 Nam
720 3003 821 3037 iuxta
840 3004 994 3037 virtutes
1013 3003 1162 3044 animae,
1191 3015 1258 3047 quo
1279 3002 1566 3047 percussionibus
1587 3001 1766 3045 potuisset

133 3062 313 3106 proficere,
342 3063 482 3096 omnino
508 3074 577 3096 non
602 3062 738 3096 habuit.

275 3121 286 3139 '²
312 3122 427 3156 Petr.
454 3122 592 3155 Lomb.
620 3123 713 3155 Sans.
742 3122 763 3155 l.
791 3122 850 3155 ΙΙΙ.
880 3122 910 3155 d.
942 3122 993 3156 18.
1022 3133 1050 3156 c.
1082 3122 1109 3157 l.
