2106 3453
270 1057 302 1081 lo

274 1436 304 1461 15

272 1819 306 1843 ’ΖΟ

276 2575 310 2600 30

320 255 364 287 56
375 254 390 271 *
917 255 1123 289 Sententiae
1150 256 1362 291 divinitatis.

319 357 401 397 ista
429 370 506 397 nec
531 357 760 398 coniuncta
787 372 865 398 nec
891 357 1103 400 disiuncta
1129 361 1231 400 sunt
1257 359 1401 401 homo.
1458 360 1566 400 Cum
1589 361 1698 401 enim
1728 361 1833 402 haec
1861 362 1945 402 duo

320 431 548 474 coniuncta
580 433 665 473 sint
697 432 736 473 in
766 433 958 485 quolibet
986 434 1221 483 hominum,
1255 435 1491 475 secundum
1520 435 1626 477 baec
1656 436 1740 477 iam
1769 437 1809 477 in
1840 450 1946 489 quo-

319 507 422 548 libet
454 508 678 549 hominurn
710 511 810 549 sunt
842 508 986 550 homo.
1049 509 1095 550 Si
1130 523 1230 551 vero
1265 510 1506 551 inveniatur
1538 513 1651 561 ,sunt
1678 511 1835 561 hmno‘,
1869 525 1947 565 pro

323 584 616 634 ,constituunt‘
651 584 888 637 accipiatur
922 585 986 625 vel
1021 586 1246 634 ,reddunt‘.

462 659 588 701 Item
624 661 859 713 assumpsit
880 661 1121 702 animatum
1157 675 1311 714 corpus
1344 662 1556 712 sensibile,
1590 662 1813 712 rationale,
1849 676 1949 715 ergo

321 735 494 784 animal,
544 735 586 776 id
629 738 692 777 est
734 749 822 777 rem
880 749 991 789 quae
1043 739 1107 777 est
1151 736 1281 777 honio
1336 737 1504 778 videtur
1548 737 1845 790 assumpsisse.
1897 763 1947 766 —

321 811 582 870 Respovndeo
621 811 790 852 diversa
816 812 1072 864 praedicari,
1106 825 1204 853 cum
1242 812 1412 854 dicitur:
1444 813 1585 854 Homo
1627 816 1690 854 est
1716 814 1948 865 animatus,

322 889 380 927 el:
416 887 583 939 Corpus
615 888 868 929 animatum.
932 888 1076 929 Prima
1119 889 1337 941 multiplex
1377 891 1458 930 est:
1499 889 1746 942 Assumpsit
1778 903 1949 943 corpus.

323 962 366 1003 Si
400 962 516 1011 dicis,
550 963 782 1015 assumpsit
814 977 983 1016 corpus,
1017 965 1133 1016 quod
1166 967 1268 1005 tunc
1301 967 1405 1015 erat,
1440 965 1594 1006 falsum
1628 967 1711 1015 est;
1756 965 1789 1006 si
1833 965 1950 1016 dicis,

322 1038 556 1090 assumpsit
588 1051 757 1091 corpus,
791 1042 838 1080 ut
871 1040 1132 1081 assumendo
1167 1040 1307 1093 coepit
1346 1053 1438 1082 esse
1477 1054 1645 1093 corpus,
1685 1054 1833 1082 verum
1874 1043 1950 1083 est.

322 1114 441 1156 Sicut
473 1118 655 1168 apparet
688 1116 729 1156 in
770 1115 849 1157 hoc
887 1116 1029 1158 simili:
1089 1117 1171 1158 Iste
1217 1117 1317 1158 facit
1361 1117 1557 1166 domuum
1609 1118 1644 1158 si
1688 1117 1805 1168 dicis,
1852 1118 1952 1159 facit

323 1192 500 1232 domum
544 1204 655 1244 quae
694 1191 779 1233 iam
814 1194 890 1242 est,
925 1192 1077 1234 falsum
1113 1195 1195 1242 est;
1239 1193 1272 1233 si
1313 1193 1430 1243 dicis,
1471 1193 1571 1235 facit
1609 1194 1787 1234 domum
1841 1207 1952 1246 quae

323 1267 408 1308 iam
442 1267 588 1319 incipit
615 1281 720 1318 esse,
753 1281 903 1309 verum
931 1271 1006 1311 est.
1071 1269 1115 1309 In
1144 1269 1283 1321 prima
1317 1282 1504 1322 namque
1538 1269 1812 1322 praedicatur
1849 1270 1950 1311 sub—

324 1342 535 1383 stantialis
580 1343 753 1384 habitus
798 1344 973 1396 quidam
1019 1344 1266 1395 medianus,
1311 1345 1383 1397 qui
1426 1347 1468 1386 et
1512 1345 1719 1386 animatio
1774 1345 1951 1395 dicitur;

325 1419 365 1458 in
406 1418 596 1460 secunda
628 1432 714 1460 uon
747 1422 917 1470 natura,
957 1420 1031 1461 sed
1063 1420 1173 1461 ratio
1205 1420 1493 1473 praedicatur,
1536 1420 1693 1463 scilicet
1733 1421 1953 1463 adiunctio

325 1494 511 1536 animae.
576 1495 683 1536 Cum
718 1495 873 1536 dicitur
905 1509 1061 1549 corpus
1093 1496 1279 1537 hominis
1313 1496 1567 1547 animatum,
1601 1497 1660 1538 sic
1693 1497 1953 1549 intelligitur,

325 1570 365 1610 id
400 1574 476 1621 est,
517 1571 648 1613 habet
680 1572 868 1613 animam
909 1571 989 1613 sibi
1022 1571 1269 1614 adiunctam
1304 1572 1592 1614 vivificantem
1635 1573 1846 1625 spiritum.
1910 1573 1954 1614 Si

325 1647 438 1688 enim
473 1649 587 1688 esset
619 1648 928 1698 substantialis,
962 1651 1164 1700 separata
1190 1649 1337 1690 anima
1363 1662 1388 1689 a
1416 1662 1596 1701 corpore
1622 1649 1837 1690 desineret
1863 1663 1954 1690 cor-

325 1737 406 1777 pus
439 1727 545 1774 esse,
580 1724 696 1776 quod
729 1723 846 1776 prius
874 1726 966 1765 erat
992 1725 1346 1774 substantialiter,
1381 1725 1497 1778 quod
1525 1725 1678 1767 falsum
1709 1739 1800 1766 esse
1828 1739 1955 1767 nemo

327 1799 517 1851 ambigit.
580 1799 687 1840 Illud
729 1800 857 1850 enim,
897 1801 1011 1853 quod
1056 1803 1148 1842 erat
1192 1803 1294 1842 ante
1338 1803 1522 1842 mortem
1569 1815 1724 1854 corpus
1764 1802 1955 1843 Socratis

324 1874 678 1925 substantialiter,
719 1878 760 1916 et
792 1875 922 1916 modo
956 1878 1020 1916 est
1053 1879 1222 1917 mortuo
1257 1876 1446 1918 Socrate.
1512 1877 1602 1918 Iam
1644 1876 1756 1918 enim
1799 1864 1979 1918 secun-⁴

325 1952 429 1992 dum
462 1951 543 1992 hoc
576 1951 789 2002 ingressus
822 1951 863 1992 in
897 1951 1185 1994 substantiam
1219 1955 1332 1994 esset
1363 1952 1581 2005 corruptio
1615 1952 1883 1994 substantiae
1910 1955 1952 1994 et

327 2040 520 2079 egressus
554 2042 579 2069 a
611 2028 866 2079 substantia,
900 2028 1016 2080 quod
1049 2030 1113 2069 est
1144 2031 1295 2069 contra
1328 2029 1519 2080 regulam
1553 2028 1875 2071 Aristotelis.

469 2104 539 2144 Sic
571 2104 697 2155 igitur
722 2117 820 2144 cum
847 2104 1017 2146 dicitur:
1052 2104 1298 2157 Assumpsit
1333 2117 1486 2157 corpus
1514 2104 1769 2155 animatum,
1796 2104 1949 2145 intelli-

294 2192 403 2230 *gas
435 2193 590 2232 corpus
623 2179 863 2221 animatum
896 2182 1079 2232 partem,
1122 2194 1208 2221 non
1241 2183 1394 2230 totum,
1434 2183 1481 2222 ut
1513 2180 1568 2221 sit
1600 2193 1764 2231 sensus,
1809 2180 1851 2221 id
1895 2182 1959 2221 est

329 2268 484 2308 corpus
518 2256 583 2297 cui
617 2256 737 2297 unita
770 2258 832 2297 est
865 2256 1023 2307 anima,
1064 2256 1175 2298 circa
1208 2257 1324 2309 quod
1357 2256 1568 2298 rationale
1601 2257 1666 2298 vel
1707 2256 1956 2298 irrationale

328 2331 579 2372 immediata
611 2345 699 2372 non
732 2335 832 2372 sunt
864 2345 942 2373 nec
975 2332 1174 2374 sensibile
1207 2333 1272 2373 vel
1305 2332 1563 2374 insensibile.

471 2407 578 2448 Ecce
611 2409 830 2448 ostensum
865 2411 941 2458 est,
976 2407 1070 2460 quis
1091 2408 1337 2460 assumpsit,
1365 2408 1524 2449 scilicet
1549 2420 1734 2460 persona
1762 2407 1886 2448 tertia
1913 2407 1956 2448 in

329 2482 553 2533 Trinitate,
589 2486 630 2524 et
663 2497 774 2536 quae
807 2485 890 2524 sint
925 2487 1162 2536 assumpta,
1205 2484 1359 2526 scilicet
1395 2483 1540 2525 anima
1575 2486 1615 2525 et
1647 2497 1747 2526 caro
1781 2483 1846 2524 vel
1880 2483 1958 2524 hu-

332 2572 460 2600 mana
494 2561 662 2601 natura.

472 2635 568 2676 Sed
602 2634 803 2676 videtur
835 2649 986 2688 posse
1018 2635 1246 2688 probari,
1289 2635 1423 2688 quod
1456 2648 1554 2676 non
1588 2635 1702 2677 sola
1734 2648 1958 2687 persona

477 2816 491 2849 l
521 2828 584 2855 noc
616 2816 794 2851 disiuncta
825 2816 909 2850 sunt
940 2828 1005 2850 nec
1031 2816 1219 2850 coniuncta
1247 2819 1289 2849 Α.
1406 2821 1487 2859 post
1518 2815 1621 2849 homo
1657 2817 1740 2849 add.
1765 2817 1809 2848 W
1829 2816 1858 2849 si
1887 2815 1959 2849 iun-

331 2877 461 2918 gantur
505 2877 636 2919 partes,
680 2877 813 2909 tectum
859 2876 1100 2916 fundamenta,
1150 2877 1231 2909 sunt
1275 2875 1408 2913 domus,
1455 2875 1572 2908 anima
1611 2876 1647 2908 et
1678 2885 1805 2918 corpus
1842 2874 1956 2908 homo.

331 2934 351 2966 2
378 2934 451 2967 sint
487 2947 549 2968 om.
581 2936 621 2967 13.
720 2935 739 2968 3
766 2937 850 2968 sunl:
884 2947 948 2969 om.
973 2935 1011 2968 Β.
1110 2936 1130 2968 5
1157 2934 1325 2968 sensibile
1357 2933 1531 2967 rationale
1558 2945 1620 2966 om.
1644 2935 1696 2968 W.
1796 2934 1816 2966 6
1844 2932 1877 2966 id
1905 2936 1960 2967 est

338 2995 383 3025 W
406 2995 442 3026 et
465 2996 490 3026 Α
517 2995 557 3027 B.
656 2993 676 3027 8
699 2999 780 3036 post
804 3005 932 3037 corpus
959 2995 1041 3027 «dd.
1064 2995 1095 3026 B
1121 2995 1188 3028 est.
1300 2992 1412 3037 prima
1429 3020 1434 3025 .
1451 3020 1458 3026 .
1476 3020 1481 3025 .
1498 3003 1620 3025 verum
1656 2993 1711 3025 est
1736 2992 1837 3025 habet
1864 2994 1891 3025 Α
1923 2994 1959 3025 iii

331 3053 502 3094 mccryine,
538 3064 601 3086 om.
642 3054 796 3094 Denifle,
834 3054 855 3085 l.
884 3064 909 3085 c.
1035 3052 1077 3085 15
1111 3063 1168 3085 res
1201 3054 1245 3085 ΜΓ
1277 3056 1306 3084 et
1343 3052 1486 3093 Dem'fle
1522 3052 1543 3084 l.
1580 3063 1604 3083 c.
1644 3050 1722 3083 AB
1748 3049 1958 3085 1⁷6:1·ati0.

332 3110 376 3143 26
404 3109 509 3153 quod]
537 3122 626 3154 quae
645 3114 683 3144 A.
770 3111 827 3145 Δ30
853 3110 1007 3144 humana
1030 3112 1075 3143 IV
1096 3122 1164 3144 una
1191 3112 1218 3143 Α
1241 3112 1278 3144 Β.
1378 3110 1418 3144 31
1448 3120 1551 3153 posse
1578 3121 1641 3143 om.
1663 3111 1690 3142 R
1711 3111 1764 3145 W.
