2106 3453
5 1797 24 1822 f.
43 1798 84 1822 92.

464 224 654 264 Tractatus
680 226 741 265 IV.
792 225 843 264 De
869 229 1094 264 sacramento
1121 225 1385 263 incarnationis.
1673 224 1741 262 93*

108 331 254 383 homo,
290 344 376 374 una
404 334 609 384 increata,
644 335 778 376 altera
807 337 964 385 creata,
1002 347 1086 374 una
1113 336 1284 383 natura,
1312 333 1448 374 altera
1476 332 1627 384 gratia,
1656 346 1740 374 una

110 412 173 451 est
205 423 281 462 per
313 410 441 451 trium
476 423 757 463 personarum
792 409 1094 459 substantiam,
1135 423 1247 462 quae
1288 409 1400 450 ultra
1433 422 1605 450 omnem
1641 409 1741 450 sub-

108 486 315 527 stantiam
358 487 493 527 tribus
532 487 727 539 personis
759 490 824 528 est
856 487 1110 535 communis,
1153 487 1287 527 altera
1322 499 1500 527 munere
1533 486 1667 527 virtus
1700 488 1741 528 et

108 561 184 602 Dei
226 562 386 603 creatio
429 565 510 611 est;
555 565 677 604 actus
721 563 787 604 vel
831 564 963 604 virtus
996 562 1166 603 volendi
1200 562 1366 612 dicitur,
1410 575 1521 614 quae
1555 562 1740 603 hominis

109 640 184 679 est.
290 638 384 679 Hae
423 639 535 680 duae
574 639 614 679 in
654 639 823 680 Christo
866 639 1109 680 voluntates
1148 637 1319 679 fuerunt
1357 641 1399 679 et
1438 638 1493 678 ab
1532 639 1776 691 ut1·isque,5

107 726 193 755 una
229 715 301 755 Dei
336 715 470 756 altera
504 715 701 765 hominis,
735 716 1011 768 praedicatur
1042 716 1208 764 volens;
1256 717 1297 756 et
1329 715 1438 755 sicut
1470 728 1555 755 non
1590 714 1741 756 habitu

107 789 355 841 divinitatis,
396 791 471 832 sed
505 791 748 833 substantia
781 792 972 832 eiusdem
1007 791 1242 833 divinitatis
1276 794 1339 832 est
1375 793 1499 840 Deus,
1533 791 1740 844 quoniam

106 867 196 919 ipse
229 869 295 907 θεῖ
326 867 420 919 ipsa
453 867 672 918 divinitas,
702 868 760 908 ita
787 868 981 909 Christus
1015 881 1039 908 a
1073 868 1217 908 divina
1244 868 1466 909 voluntate
1489 870 1552 908 est
1580 868 1739 917 volens,

106 945 153 983 ut
194 942 248 983 sit
288 943 428 995 ipsum
474 944 633 984 volens.
697 943 926 985 Humanae
968 944 1095 994 igitur
1127 944 1361 984 voluntatis
1402 943 1552 985 habitu
1594 946 1636 984 et
1677 944 1740 984 di-

108 1019 231 1060 vinae
264 1019 500 1060 voluntatis
526 1020 771 1061 substantia
798 1019 1013 1061 Christum
1044 1020 1224 1061 dicimus
1254 1019 1450 1061 voluisse.
1505 1020 1598 1072 lpse
1625 1020 1738 1060 enim

107 1094 264 1145 divina,
299 1108 384 1136 non
417 1095 611 1137 humana
645 1095 845 1136 voluntas
879 1098 955 1145 est,
990 1109 1130 1148 neque
1163 1096 1217 1137 ab
1253 1096 1316 1136 his
1348 1096 1643 1137 voluntatibus
1677 1098 1741 1136 θεῖ

106 1171 191 1212 duo
227 1172 430 1222 volentes,
464 1172 538 1213 sed
560 1184 671 1212 unus
699 1172 860 1221 volens,
895 1172 1004 1212 sicut
1031 1172 1232 1213 Socrates
1260 1185 1285 1213 a
1308 1172 1477 1213 duabus
1498 1172 1740 1215 actionibus

106 1260 191 1288 non
220 1248 305 1289 duo
333 1251 523 1300 agentes,
551 1248 625 1288 sed
655 1261 765 1288 unus
792 1260 938 1298 agens.
972 1273 1018 1276 ——
1056 1248 1115 1288 De
1144 1248 1208 1288 his
1235 1248 1403 1289 duabus
1430 1248 1739 1299 voluntatibus,

107 1327 153 1365 ut
185 1325 244 1366 ait
278 1325 637 1375 Augustinus1,
672 1324 866 1366 Christus
900 1324 998 1365 fecit
1024 1337 1170 1375 unam,
1203 1311 1283 1365 >etsi
1310 1324 1609 1376 singularitate
1637 1323 1740 1364 sub-

106 1401 290 1442 stantiae
324 1400 429 1442 haec
468 1414 553 1441 non
588 1401 642 1441 sit
674 1400 760 1449 illa;
804 1400 913 1441 sicut
947 1402 1094 1442 tamen
1128 1400 1313 1453 plurium
1349 1400 1573 1441 hominum
1607 1413 1738 1441 unam

106 1480 148 1519 et
188 1477 368 1519 eandem
413 1477 594 1518 dicimus
634 1474 899 1518 voluntatem
940 1479 1117 1529 propter
1153 1490 1303 1527 unum,
1342 1477 1458 1529 quod
1490 1477 1634 1529 plures
1666 1490 1741 1517 vo-

105 1555 209 1604 lunt,
256 1557 298 1596 et
342 1568 474 1596 unam
521 1553 753 1594 multorum
799 1553 927 1594 fidem
974 1553 1276 1606 praedicamus
1314 1553 1481 1595 ratione
1524 1554 1647 1594 unius
1681 1553 1741 1595 rei

105 1630 305 1680 creditae,
340 1630 398 1671 ita
432 1631 543 1672 duae
575 1632 675 1671 sunt
704 1643 790 1671 una
822 1630 1019 1671 voluntas
1051 1630 1217 1671 ratione
1238 1630 1365 1670 unius
1388 1630 1462 1680 rei,
1497 1643 1627 1682 quam
1651 1629 1741 1670 vult

105 1706 298 1747 Christus
319 1709 361 1748 et
383 1709 430 1747 ut
450 1706 564 1747 Deus
586 1709 627 1747 et
642 1708 688 1747 ut
703 1705 846 1747 homo.
882 1706 1036 1747 Unitur
1057 1706 1249 1747 humana
1272 1707 1470 1747 voluntas
1505 1706 1691 1759 divinae,
1734 1704 1736 1760 l

105 1796 217 1835 quae
249 1796 328 1835 pro
361 1796 439 1824 suo
472 1785 601 1835 captu
635 1796 660 1824 a
694 1783 839 1824 divina
873 1796 958 1824 non
991 1783 1207 1835 discrepat
1234 1783 1470 1833 voluntate,
1504 1783 1579 1824 sed
1613 1783 1649 1824 ei
1684 1783 1738 1823 ad
1760 1790 1774 1815 Ξ

105 1859 217 1900 idem
252 1859 481 1900 volendum
517 1859 705 1900 sociatur
743 1862 785 1901 et
811 1873 837 1901 a
857 1860 982 1911 longe
1015 1873 1110 1901 eam
1144 1860 1351 1912 sequitur,
1385 1873 1517 1912 quam
1539 1862 1740 1912 torquere

104 1935 265 1988 nequit,
320 1949 432 1988 quae
482 1936 656 1989 quidem
710 1936 919 1978 immensa
967 1938 1008 1977 et
1053 1936 1141 1977 lata
1188 1936 1272 1978 iam
1320 1939 1421 1978 ante
1467 1935 1739 1977 existentiam

105 2012 351 2053 extenditur
382 2025 460 2054 nec
492 2012 685 2054 terminis
719 2012 813 2053 ullis
846 2012 1090 2053 includitur.
1155 2012 1262 2054 Cum
1296 2012 1376 2053 hac
1410 2012 1485 2053 Dei
1518 2012 1740 2053 voluntate

103 2088 290 2130 hominis
331 2089 545 2139 voluntas,
599 2089 796 2142 quamvis
846 2089 1040 2141 angustis
1084 2089 1247 2131 inclusa
1293 2092 1357 2131 est
1402 2089 1607 2139 terminis,
1652 2102 1739 2130 una

104 2165 343 2217 eademque
376 2165 585 2207 adhaeret
624 2165 839 2215 voluntas,
878 2178 956 2206 nec
991 2177 1086 2206 eam
1114 2165 1329 2218 relinquit,
1369 2165 1444 2206 sed
1477 2179 1573 2207 eam
1607 2165 1738 2206 comi·
1759 2176 1774 2200 2

105 2243 233 2291 tatur,
267 2254 344 2282 nec
372 2254 467 2283 eam
502 2241 681 2292 excedit,
717 2241 793 2282 etsi
828 2241 882 2282 ab
917 2255 967 2283 ea
994 2241 1240 2283 excedatur.

248 2317 315 2358 Sic
349 2316 430 2359 hae
464 2317 576 2358 duae
608 2317 855 2358 voluntates
888 2320 988 2358 sunt
1022 2317 1063 2358 in
1097 2317 1280 2367 Christo,
1316 2330 1402 2358 una
1429 2317 1574 2367 divini,
1602 2317 1738 2359 altera

104 2392 302 2443 hominis,
347 2395 388 2434 et
421 2396 520 2434 sunt
552 2406 640 2435 una
673 2393 873 2434 voluntas
907 2393 1146 2446 eademque
1178 2393 1392 2443 voluntas,
1426 2406 1513 2433 non
1546 2393 1738 2444 singulae

104 2469 388 2519 substantiae,
431 2469 505 2510 sed
549 2470 673 2510 unius
714 2470 884 2511 ratione
925 2469 999 2520 rei,
1045 2482 1178 2522 quam
1220 2472 1267 2510 ut
1301 2470 1413 2510 Deus
1455 2471 1496 2509 et
1529 2470 1575 2509 ut
1607 2468 1737 2509 homo

105 2544 238 2586 voluit
270 2545 479 2595 Christus,
520 2546 636 2598 quod
676 2559 752 2598 per
784 2548 986 2587 naturam
1027 2548 1068 2587 et
1100 2545 1388 2587 substantiam
1423 2548 1487 2586 est.
1519 2557 1630 2585 unus
1664 2558 1737 2585 vo-

247 2716 262 2749 1
293 2715 419 2759 altera]
441 2715 522 2749 alia.
619 2716 639 2749 2
666 2727 729 2760 per
749 2727 812 2750 οηι.
830 2717 870 2751 B.
970 2715 990 2748 3
1011 2717 1067 2749 est
1087 2727 1150 2749 om.
1174 2717 1214 2750 B.
1291 2714 1311 2748 6
1337 2713 1474 2755 habitu]
1498 2713 1669 2747 ambitum
1694 2714 1736 2747 R.

103 2774 147 2808 20
174 2786 194 2808 a
220 2786 271 2807 om
300 2777 342 2808 A.
440 2786 509 2809 non
530 2787 594 2810 om.
618 2777 659 2810 A.
758 2775 802 2808 22
829 2775 897 2808 iam
926 2777 1060 2818 scripsi
1079 2777 1111 2808 A
1131 2776 1160 2808 Β
1185 2777 1270 2808 tam.
1369 2773 1414 2806 24
1441 2773 1619 2817 angustiis
1641 2775 1670 2806 A
1689 2773 1734 2813 [33

104 2845 194 2869 corr.
222 2836 430 2869 Ruminali-er.
529 2833 573 2869 25
601 2846 678 2869 eum
708 2837 735 2868 A
757 2836 794 2868 Β.
894 2834 939 2868 30
966 2833 1072 2879 quod]
1100 2834 1159 2878 qui
1188 2836 1230 2867 R.

246 2985 258 3003 ¹
284 2986 329 3021 cf.
356 2986 459 3029 Aug.
487 2987 664 3020 Emcrrat.
691 2988 728 3018 iu
758 2987 813 3019 Ps.
841 2985 896 3020 93.
924 2997 959 3018 n.
988 2985 1040 3018 19.
1070 2983 1149 3025 (PL.
1178 2983 1233 3023 37,
1264 2983 1382 3023 1206);
1413 2981 1595 3024 Quomodo
1616 2986 1734 3017 autem

103 3045 310 3090 complexus
336 3048 392 3080 est
412 3045 583 3079 Dominus
609 3056 653 3078 ex
673 3044 810 3079 duabus
836 3043 1081 3078 voluntatibus
1108 3054 1213 3077 unam
1236 3042 1368 3076 factam
1397 3043 1431 3076 in
1450 3042 1601 3083 homine,
1630 3053 1735 3087 quem

104 3104 289 3150 portabat?

1762 1034 1795 1058 10

1764 1413 1794 1438 15

1758 2555 1792 2579 30
