2106 3453
24 885 97 910 filo-4
109 886 144 910 v‘'.

650 235 841 269 Tractatus
868 235 910 269 V.
962 234 1014 268 De
1041 232 1287 268 sacramentis.
1695 228 1786 263 149*

153 352 339 392 poenam
377 339 679 391 duplicantur‘.
744 338 829 379 Sed
857 337 1041 378 obicitur
1067 336 1171 377 illud
1199 335 1315 388 quod
1349 334 1520 375 dicitur:
1572 333 1667 373 Non
1694 346 1787 372 con-

153 420 290 469 smyct
321 415 475 469 duplex?
509 414 721 454 tribulatio
755 414 941 468 (Nahum
974 414 1009 466 I,
1031 413 1071 467 9)
1107 413 1191 453 vel:
1246 411 1341 452 Non*
1368 409 1564 450 iudicabit
1591 409 1702 450 Deus
1727 408 1787 448 bis

155 492 196 531 in
220 491 413 544 idipsum,
436 491 552 543 quod
580 491 711 531 habet
739 490 822 532 alia
850 490 1074 530 translatio
1094 490 1122 530 1.
1168 488 1274 529 Item
1297 487 1537 539 Prosper:
1571 484 1668 535 ,Qui
1690 497 1786 536 pec-

154 566 292 608 cando
325 581 350 608 a
377 567 466 608 Deo
500 567 673 614 recedit,
708 566 812 607 nihil
847 565 964 607 aliud
991 565 1105 615 facit,
1140 563 1220 605 uisi
1247 563 1365 616 quod
1391 563 1433 602 in
1462 561 1786 602 damnationem

153 643 284 693 vadit,
317 645 617 684 verumtamen
652 656 736 684 non
774 643 813 683 in
849 642 891 682 id
926 642 1043 694 quod
1077 640 1301 681 dimissum
1334 639 1485 688 fuerat,
1520 636 1707 678 recedit.‘

295 719 401 760 Ecce
449 721 678 772 utrumque
723 719 954 772 probatum
1003 720 1078 766 est,
1131 716 1247 769 quod
1298 716 1475 768 peccata
1520 714 1703 755 redeunt
1747 714 1788 753 et
1845 755 1858 771 .

155 808 242 835 non
277 795 472 836 redeunt.
537 795 581 836 Si
614 797 813 837 teneatur
845 793 1059 836 sententia
1097 793 1181 843 illa,
1227 792 1343 844 quod
1381 793 1560 843 peccata
1592 789 1787 838 redeunt,

156 871 322 923 primae
354 871 634 912 auctoritates
664 873 668 923 ξ
698 871 779 912 hoc
813 870 975 911 volunt.
1041 870 1269 910 Extremae
1304 881 1389 908 uno
1422 867 1553 907 modo
1587 864 1789 906 determi-

153 949 330 988 nantur:
375 947 473 987 Non
507 949 735 998 consurget
770 947 926 999 duplex
958 945 1194 995 tribulatio,
1229 946 1271 985 et
1303 943 1372 985 illa
1405 941 1663 995 Prosperi:
1705 940 1787 990 Qui

152 1023 374 1076 peccando
418 1025 512 1074 etc.,
560 1023 612 1063 de
657 1022 875 1064 salvandis
921 1021 1183 1074 intelligitur,
1235 1021 1276 1061 in
1323 1020 1382 1061 eis
1426 1032 1513 1060 non
1559 1019 1788 1069 consurget

153 1099 312 1152 duplex
344 1099 580 1140 tribulatio.

296 1175 339 1216 Si
369 1177 567 1216 teneatur
600 1175 670 1216 illa
704 1174 932 1224 sententia,
966 1173 1082 1226 quod
1116 1174 1294 1226 peccata
1328 1185 1412 1213 non
1447 1171 1642 1221 redeunt,
1679 1170 1788 1211 sicut

154 1253 374 1292 extremae
408 1252 689 1292 auctoritates
723 1251 885 1301 volunt,
927 1250 1092 1303 primae
1125 1249 1405 1291 auctoritates
1439 1248 1519 1289 hoc
1551 1247 1681 1288 modo
1714 1246 1787 1287 de-

154 1326 461 1368 terminantur:
511 1327 633 1367 Serve
677 1340 852 1380 nequam
898 1329 975 1368 etc.
1021 1327 1120 1379 quia
1164 1339 1247 1366 ozon
1290 1325 1487 1365 remisisti
1527 1323 1662 1377 fratri
1706 1326 1787 1372 tm),

154 1404 314 1457 emssqam
347 1418 372 1443 (ι
405 1407 439 1444 te
471 1404 707 1444 immersum
740 1402 931 1454 debitum,
966 1402 1005 1442 id
1035 1404 1112 1452 est,
1147 1402 1257 1442 sicut
1288 1403 1334 1442 tu
1367 1400 1540 1442 noluisti
1573 1398 1787 1440 dimittere

154 1478 274 1520 fratri
306 1481 396 1530 tuo,
430 1479 490 1521 ita
523 1492 600 1520 nec
635 1491 712 1530 ego
746 1479 961 1520 dimittam
996 1478 1090 1527 tibi;
1135 1491 1213 1518 nec
1247 1477 1407 1527 dicunt,
1442 1476 1558 1529 quod
1592 1489 1641 1516 ea
1675 1487 1788 1527 quae

153 1568 230 1608 per
261 1555 572 1607 paenitentiam
606 1556 782 1597 dimissa
814 1558 927 1606 sunt,
962 1568 1046 1596 non
1081 1554 1354 1595 dimittantur
1387 1553 1453 1594 vel
1486 1552 1679 1601 redeant,
1713 1550 1787 1591 sed

155 1645 205 1673 ea
253 1645 364 1684 quae
411 1634 563 1684 postea
607 1632 822 1674 commisit
865 1632 930 1672 vel
972 1631 1226 1673 committet.
1304 1630 1400 1670 Non
1441 1629 1640 1678 dimittet,
1687 1627 1788 1679 quia

155 1708 273 1749 fratri
305 1710 381 1749 tuo
414 1708 630 1750 dimittere
663 1708 850 1750 noluisti.
916 1708 988 1749 Illa
1024 1707 1319 1761 Hieronymi
1352 1708 1395 1747 et
1421 1703 1698 1756 Augustini
1733 1703 1786 1743 ad

155 1786 363 1845 terrorem
397 1783 646 1837 loquuntur,
689 1798 743 1826 ne
782 1785 968 1837 amplius
1008 1785 1049 1824 in
1083 1784 1124 1824 id
1164 1783 1329 1825 recidat
1362 1783 1479 1823 iuxta
1512 1781 1635 1822 illud:
1677 1779 1823 1820 Vade—2

154 1863 189 1900 et
222 1860 400 1914 αηψίἱιιε
432 1861 517 1901 nol-i
542 1875 722 1914 peceare,
756 1874 804 1901 ne
835 1860 1013 1901 (leterius
1036 1860 1109 1900 tibi
1135 1861 1344 1914 continydt
1376 1859 1486 1913 (Jolz.
1516 1861 1555 1907 5,
1581 1857 1666 1911 14).
1714 1857 1787 1897 Vel

155 1936 277 1977 aliter
320 1950 551 1989 possumus
596 1938 750 1986 dicere,
802 1937 917 1990 quod
964 1950 1051 1978 non
1093 1936 1285 1978 redeant.
1347 1935 1430 1976 Sed
1465 1935 1499 1976 si
1532 1934 1786 1982 inveniatur,

156 2012 271 2065 quod
316 2013 517 2063 redeant,
572 2013 653 2055 hoc
698 2014 853 2055 dicitur
903 2016 1149 2066 quantum
1201 2013 1261 2054 ad
1312 2011 1787 2064 ingratitudinem2,

156 2102 267 2141 quae
311 2102 398 2130 non
444 2090 675 2132 comitatur
714 2090 1027 2140 remissionem,
1073 2089 1173 2143 quia
1214 2089 1272 2131 ita
1311 2089 1488 2142 punitur
1527 2088 1579 2129 de
1612 2086 1785 2138 ingrati-

300 2251 314 2284 1
345 2251 563 2295 replicantur
588 2252 626 2285 R,
759 2251 847 2285 1-2
875 2252 1000 2293 surget
1031 2249 1069 2284 Β.
1192 2250 1212 2282 2
1240 2248 1310 2293 vel]
1337 2250 1372 2282 et
1398 2248 1461 2282 illa
1483 2250 1523 2282 A.
1647 2246 1666 2279 3
1695 2245 1786 2289 quod

155 2310 264 2344 habet
289 2310 359 2344 alia
384 2310 572 2345 translatio
599 2323 662 2345 om.
690 2314 733 2345 A.
893 2312 912 2343 5
936 2316 1016 2354 post
1042 2309 1178 2344 recedit
1204 2311 1287 2345 add.
1317 2309 1345 2340 B
1378 2319 1491 2352 neque
1525 2319 1586 2351 pro
1622 2305 1786 2349 originali

156 2369 391 2406 damnabitur,
467 2370 486 2403 6
513 2370 661 2404 redeant
685 2369 727 2405 H.
805 2371 847 2404 14
872 2372 934 2404 tuo
961 2381 1026 2405 om.
1054 2371 1097 2405 A.
1176 2369 1216 2402 19
1244 2370 1279 2402 et
1304 2380 1368 2402 om.
1397 2371 1438 2402 A.
1515 2366 1557 2400 21
1586 2365 1784 2408 contingat]

155 2431 320 2472 ac(cidat)
345 2432 388 2464 A.

300 2561 311 2579 ¹
336 2562 475 2598 Lomb.
511 2563 532 2598 l.
560 2563 620 2598 IV.
657 2563 688 2597 d.
720 2564 772 2599 15.
810 2575 839 2598 c.
872 2564 900 2598 l.
950 2563 1013 2597 Ait
1038 2562 1131 2597 enim
1158 2561 1348 2607 propheta:
1391 2560 1468 2594 Non
1494 2559 1667 2593 iudicabit
1691 2558 1788 2592 Deus

156 2621 211 2656 bis
237 2622 273 2656 in
299 2622 463 2667 idipsum,
490 2622 548 2657 vel
574 2625 617 2659 ut,
639 2623 699 2657 alii
724 2622 1001 2658 transtulerunt:
1030 2622 1106 2656 Non
1133 2623 1326 2664 consurget
1353 2620 1484 2665 duplex
1512 2619 1705 2654 tribulatio.

300 2692 313 2710 ‘²
338 2693 594 2735 Abaelardi,
635 2696 768 2738 Expos.
807 2697 843 2728 in
878 2706 930 2738 ep.
967 2695 1077 2728 Paula·
1112 2695 1160 2727 (cd
1197 2695 1296 2727 Rom.
1335 2691 1357 2725 l.
1383 2691 1426 2727 Il.
1470 2690 1550 2733 (PL.
1581 2690 1657 2730 178,
1684 2690 1786 2729 864):

158 2780 165 2787 .
187 2753 410 2797 ..quamvis
442 2753 598 2788 nonnulli
633 2754 735 2788 iuxta
765 2753 971 2798 parabolam
1004 2753 1145 2787 Domini
1178 2752 1220 2786 de
1253 2751 1389 2785 duobus
1423 2750 1606 2784 conservis
1642 2750 1789 2784 dimissa

158 2813 265 2845 etiam
301 2815 450 2857 peccata
485 2813 519 2846 in
557 2813 734 2847 damnatis
770 2815 877 2857 atque
913 2812 1110 2856 ingratis
1145 2811 1260 2845 redire
1293 2812 1329 2844 et
1360 2810 1458 2853 iungi
1492 2809 1534 2843 ad
1562 2821 1711 2854 poenam
1738 2809 1788 2843 ita

157 2871 280 2912 velint,
307 2876 347 2906 ut
373 2872 464 2916 quod
491 2872 562 2906 iam
589 2872 881 2906 condonationem
909 2872 1058 2916 accepit,
1087 2872 1213 2905 iterum
1236 2870 1404 2915 puniatur
1425 2898 1431 2905 .
1454 2895 1461 2901 .
1483 2895 1489 2903 .
1531 2868 1668 2905 Lomb.
1694 2870 1788 2903 Sem.

158 2930 180 2966 1.
209 2930 268 2964 [V.
305 2931 336 2965 d.
364 2931 418 2965 22.
455 2943 483 2966 c.
516 2933 543 2966 1.
594 2931 717 2965 Placet
755 2931 964 2976 quibusdam
1001 2930 1179 2964 neminem
1214 2941 1276 2974 pro
1311 2929 1469 2973 peccatis
1494 2928 1604 2962 semel
1632 2928 1789 2962 dimissis

159 2989 286 3023 iterum
325 3002 346 3024 a
380 2990 454 3024 Deo
490 2991 622 3035 puniri;
668 2991 731 3025 sed
766 2991 853 3025 ideo.
881 2990 1046 3024 dicuntur
1081 2989 1228 3023 dimissa
1262 2988 1377 3022 redire
1414 2989 1450 3021 et
1484 2987 1668 3032 imputari,
1706 2987 1789 3031 quia

158 3052 338 3095 propter
387 3050 758 3094 ingratitudinem
808 3051 859 3084 ita
908 3062 991 3085 reus
1034 3052 1071 3083 et
1113 3050 1280 3094 peccator
1324 3047 1564 3088 constituitur,
1622 3049 1662 3081 ut
1706 3048 1788 3081 ante

159 3110 285 3144 fuerat.

1809 1028 1841 1052 10

1811 1414 1841 1438 15
