2106 3453
356 268 446 302 106*
944 267 1153 300 Sententiae
1181 267 1393 302 divinitatis.

353 372 470 413 locus
505 385 589 412 non
622 374 687 412 est
720 372 761 411 111
795 385 880 424 quo
914 371 1108 424 quiescat
1140 372 1220 411 nisi
1254 371 1295 411 in
1325 371 1708 412 ecclesiasticorum
1738 384 1985 412 sacramen-

353 450 494 487 torum
530 447 657 498 digna
690 448 1032 499 participatione.
1097 447 1223 496 Quod
1257 432 1366 488 bene
1399 447 1686 498 significatum
1720 449 1784 487 est
1817 447 1859 487 in
1892 447 1983 488 ani-

353 523 538 563 malibus
572 523 650 563 illis
693 536 803 574 quae
836 525 1009 575 recepta
1042 526 1141 563 sunt
1173 526 1273 563 sunt
1305 523 1346 563 in
1384 536 1485 564 arca
1518 522 1676 572 diluvii,
1711 535 1823 575 quae
1850 522 1986 574 impe-

353 602 443 639 tum
479 600 724 646 evaserunt;
770 611 819 639 ea
853 611 953 639 vero
989 611 1101 650 quae
1134 611 1219 639 11011
1253 601 1354 639 sunt
1387 600 1572 650 recepta,
1614 610 1825 650 aquarum
1861 598 1987 638 inun-

317 675 529 715 5datione
573 658 804 726 perierunt.
886 675 950 715 Ita
993 675 1236 727 quicunque
1282 674 1443 715 inventi
1486 674 1641 714 fuerint
1682 676 1803 714 extra
1845 674 1987 714 sinum

355 750 504 791 matris
538 751 754 800 ecclesiae,
789 751 990 802 peribunt
1018 751 1057 791 in
1086 750 1237 791 ultimo
1263 751 1471 801 examine,
1506 750 1709 802 quoniam
1739 749 1989 789 horrendum

353 828 430 866 erit
473 826 649 866 incidere
690 827 735 866 m
776 840 924 866 insanus
967 827 1044 867 Dee·
1092 827 1260 867 viventi-s
1304 826 1647 878 (Η6ὂ1·.10,31).
1729 825 1846 867 Haec
1889 829 1989 866 sunt

354 902 615 953 malagmata
668 905 708 943 et
759 903 993 954 emplastra
1047 902 1293 943 vulneribus
1338 902 1510 943 animae
1561 901 1822 950 adhibenda,
1873 901 1989 942 bona

353 978 512 1020 scilicet
544 978 700 1028 media,
735 979 789 1020 de
821 979 977 1031 quibus
1010 979 1182 1020 dicitur:
1223 978 1267 1019 Sa·
1298 978 1516 1018 dormiatis
1550 978 1657 1017 inter
1688 977 1839 1017 medios
1865 978 1989 1017 eleros

302 1073 333 1097 10
356 1054 441 1108 (Ps.
476 1055 544 1106 6¹7,
571 1053 657 1108 14),
702 1054 745 1095 id
787 1056 851 1095 est
891 1054 1066 1107 pacifice
1109 1054 1397 1107 adquiescatis
1439 1053 1481 1094 in
1521 1052 1818 1094 consolatoriis
1852 1053 1987 1101 bonis,

354 1143 466 1183 quae
498 1132 598 1170 sunt
630 1130 771 1171 media
805 1130 916 1171 inter
947 1130 1197 1172 transitoria
1230 1132 1271 1171 et
1308 1128 1689 1178 consummatoria,
1730 1132 1850 1168 emant
1883 1128 1991 1168 vobis

348 1220 510 1259 pennae
541 1206 745 1246 columbae
785 1205 1073 1260 denominatae
1105 1208 1184 1247 etc.
1226 1205 1311 1259 (Ps.
1348 1206 1415 1258 (57)
1442 1204 1526 1258 14).
1564 1229 1615 1232 —
1656 1204 1986 1245 Consumma—

354 1282 489 1323 toria
524 1283 651 1332 bona,
686 1282 726 1323 id
761 1285 824 1323 est
857 1285 1047 1333 aeterna,
1082 1282 1240 1323 scilicet
1273 1281 1473 1334 perennis
1501 1282 1507 1332 Ι
1537 1281 1611 1322 Dei
1646 1281 1764 1331 visio,
1799 1280 1990 1332 corporis

356 1361 397 1399 et
424 1358 596 1400 animae
622 1358 886 1409 glorificatio.
925 1383 976 1386 -—-
1011 1358 1056 1398 In
1083 1357 1233 1410 primis
1269 1357 1393 1398 bonis
1421 1370 1570 1398 sumus
1592 1357 1694 1407 nati,
1729 1356 1770 1396 in
1792 1356 1990 1397 secundis

305 1452 336 1476 15
358 1435 511 1484 renati,
545 1434 587 1475 in
620 1434 756 1475 tertiis
790 1434 1092 1475 consummati.
1157 1434 1193 1474 A
1228 1433 1376 1486 primis
1409 1435 1474 1474 est
1505 1432 1807 1482 recedendum,
1850 1433 1891 1472 in
1925 1446 1990 1473 se-

356 1510 505 1552 cundis
557 1510 611 1551 ad
663 1513 834 1563 tempus
886 1509 1220 1560 nidificandum,
1279 1510 1319 1550 in
1371 1509 1508 1550 tertiis
1566 1508 1839 1550 aeternaliter
1893 1521 1990 1561 per-

355 1587 657 1628 severandum.

498 1662 559 1703 De
592 1662 743 1703 mediis
776 1663 899 1702 bonis
934 1662 1245 1711 consolatoriis,
1282 1661 1441 1703 scilicet
1473 1647 1755 1702 sacramentis
1789 1659 1988 1701 ecclesia-

356 1739 485 1789 sticis,
531 1739 758 1781 tractaturi
803 1752 951 1779 sumus
995 1739 1196 1789 videndo,
1242 1738 1361 1790 quid
1408 1738 1476 1778 sit
1521 1739 1904 1779 sacramentum
1944 1739 1990 1778 et

301 1832 335 1856 »ευ
356 1828 513 1867 quare
564 1816 807 1857 instituta
864 1817 911 1856 et
968 1829 1117 1867 quam
1177 1815 1459 1856 utilitatem
1515 1814 1663 1854 nobis
1720 1813 1989 1854 conferant

356 1895 691 1934 sacramenta.
1192 1939 1198 1945 ⁶

502 1969 537 2009 1.
581 1968 910 2009 Sacramentum
966 1969 1030 2008 est
1084 1967 1249 2008 visibile
1298 1967 1466 2018 signum
1511 1966 1731 2007 invisibilis
1779 1966 1987 2016 gratiae1.

358 2044 451 2085 Vel:
495 2044 826 2084 Sacramentum
874 2045 938 2084 est
970 2043 1029 2088 rei
1068 2056 1217 2084 sacrae
1250 2043 1432 2095 signum,
1476 2045 1523 2082 ut
1555 2045 1737 2094 apparet
1771 2041 1810 2082 in
1845 2055 1988 2089 sacra-

356 2123 503 2161 mento
537 2119 753 2172 baptismi.
817 2120 936 2160 Sicut
969 2119 1082 2160 enim
1116 2132 1298 2171 corpora
1333 2119 1517 2159 exterius
1546 2118 1812 2158 mundantur
1839 2132 1864 2158 a
1897 2130 1985 2158 sor-

302 2216 336 2240 25
356 2197 495 2245 dibus,
557 2196 615 2237 ita
666 2195 844 2236 interius
886 2195 1153 2236 invisibiliter
1195 2195 1461 2236 mundantur
1505 2194 1676 2235 animae
1721 2207 1745 2234 a
1789 2193 1987 2234 sordi-bus

357 2273 522 2325 primae
554 2272 805 2313 nativitatis.
870 2272 920 2312 Et
946 2271 1026 2312 hoc
1053 2271 1229 2312 interest
1257 2271 1366 2311 inter
1392 2272 1713 2311 sacramentum
1738 2271 1780 2310 et
1806 2269 1986 2320 signum,

357 2347 473 2399 quod
506 2346 674 2399 signum
709 2360 795 2388 non
829 2348 992 2388 confert
1025 2347 1148 2387 nobis
1180 2360 1271 2387 rem
1306 2346 1605 2398 significatam,
1640 2345 1741 2398 quia
1775 2345 1987 2386 credimus

358 2424 562 2476 consequi
594 2423 889 2464 remissionem
923 2425 1201 2476 peccatorum
1235 2423 1274 2462 in
1310 2424 1581 2464 sacramento
1614 2421 1832 2474 baptismi.

500 2500 618 2541 Solet
651 2500 809 2552 opponi
844 2499 942 2540 huic
975 2499 1232 2540 definitioni:
1267 2498 1595 2540 Sacramentum
1626 2500 1690 2538 est
1716 2496 1879 2538 visibile
1905 2497 1987 2548 sig-

305 2601 339 2626 30
359 2589 460 2617 num
496 2579 596 2625 etc.;
643 2576 723 2617 hoc
765 2576 1033 2627 significabat
1066 2588 1179 2627 aqua
1214 2575 1284 2616 illa
1317 2577 1418 2615 ante
1450 2573 1848 2623 sanctificationem,
1896 2574 1988 2614 erat

358 2666 547 2705 namque
581 2652 743 2693 visibile
776 2653 945 2704 signum
978 2651 1199 2693 invisibilis
1232 2650 1408 2702 gratiae.
1445 2675 1497 2678 —
1531 2649 1719 2691 Solutio:
1753 2649 1831 2691 Ita
1863 2649 1986 2690 intel-

505 2789 521 2822 1
548 2789 628 2829 nisi]
658 2788 824 2822 videlicet-
852 2791 893 2822 B.
998 2788 1031 2821 in
1060 2800 1124 2823 om.
1148 2790 1191 2822 B.
1294 2787 1314 2820 2
1342 2785 1567 2831 participatio
1595 2786 1637 2821 Β.
1746 2785 1927 2828 signatum
1943 2787 1984 2819 A.

359 2848 379 2882 3
408 2848 515 2881 archa
542 2850 583 2882 B.
706 2859 796 2891 quae
823 2859 887 2882 om.
919 2850 958 2883 B.
1073 2848 1095 2880 4
1122 2859 1211 2891 quae
1237 2848 1382 2890 recepta
1407 2847 1490 2879 sunt
1516 2847 1620 2878 extra
1646 2856 1816 2889 aquarum
1843 2844 1986 2878 inunda-

359 2908 489 2941 tionem
520 2909 560 2940 Β.
708 2908 726 2940 7
754 2918 880 2940 manus
907 2910 1038 2950 scripsi
1064 2907 1226 2940 manibus
1249 2909 1277 2939 A
1295 2906 1332 2941 B.
1479 2905 1498 2937 9
1521 2910 1601 2948 post
1628 2904 1669 2938 de
1696 2906 1779 2939 add.
1805 2904 1833 2936 A
1863 2906 1892 2937 B
1918 2903 1985 2938 his.

363 2967 404 3000 13
431 2966 533 3007 visio]
562 2965 643 2999 unio
662 2969 700 2999 A.
802 2967 843 2999 14
871 2966 971 3000 bonis
997 2979 1062 3000 om.
1085 2969 1114 2999 A
1228 2966 1269 2998 19
1297 2964 1486 2998 videndum
1511 2966 1550 2997 A.
1649 2963 1693 2996 23
1723 2965 1777 2997 est-
1803 2975 1868 2997 om.
1899 2966 1938 2997 Β.

507 3080 513 3097 ¹
542 3082 603 3114 SS.
630 3080 690 3120 IV,
721 3082 749 3115 1.
778 3081 860 3121 (117
876 3081 938 3123 A);
983 3080 1100 3114 Petr.
1127 3079 1264 3114 Lomb.
1292 3081 1384 3112 Sent.
1412 3078 1434 3112 1.
1460 3077 1520 3113 IV.
1549 3077 1580 3112 d.
1611 3080 1639 3112 1.
1668 3089 1697 3112 c.
1728 3079 1756 3112 1.
1793 3076 1984 3117 Roland„

362 3151 393 3183 p.
426 3140 580 3184 lbbsqq.

2023 1309 2028 1315 «
2053 1291 2093 1317 96.
