<?xml version="1.0" encoding="UTF-8"?>
<!DOCTYPE html PUBLIC "-//W3C//DTD XHTML 1.0 Transitional//EN"
    "http://www.w3.org/TR/xhtml1/DTD/xhtml1-transitional.dtd">
<html xmlns="http://www.w3.org/1999/xhtml" xml:lang="en" lang="en">
 <head>
  <title>
</title>
<meta http-equiv="Content-Type" content="text/html;charset=utf-8" />
  <meta name='ocr-system' content='tesseract 3.04.00' />
  <meta name='ocr-capabilities' content='ocr_page ocr_carea ocr_par ocr_line ocrx_word'/>
</head>
<body>
  <div class='ocr_page' id='page_1' title='image "./diesententiaediv00geye_0029.png"; bbox 0 0 2106 3453; ppageno 0'>
   <div class='ocr_carea' id='block_1_1' title="bbox 341 208 1717 254">
    <p class='ocr_par' dir='ltr' id='par_1_1' title="bbox 341 208 1717 254">
     <span class='ocr_line' id='line_1_1' title="bbox 341 208 1717 254; baseline 0 -9"><span class='ocrx_word' id='word_1_1' title='bbox 341 213 500 254; x_wconf 85' lang='lat' dir='ltr'>Analyse</span> <span class='ocrx_word' id='word_1_2' title='bbox 522 210 586 245; x_wconf 81' lang='lat' dir='ltr'>der</span> <span class='ocrx_word' id='word_1_3' title='bbox 606 212 667 247; x_wconf 87' lang='lat' dir='ltr'>SD</span> <span class='ocrx_word' id='word_1_4' title='bbox 688 212 763 245; x_wconf 92' lang='lat' dir='ltr'>und</span> <span class='ocrx_word' id='word_1_5' title='bbox 784 210 973 245; x_wconf 82' lang='lat' dir='ltr'>Naehweis</span> <span class='ocrx_word' id='word_1_6' title='bbox 995 210 1060 244; x_wconf 84' lang='lat' dir='ltr'>der</span> <span class='ocrx_word' id='word_1_7' title='bbox 1080 212 1273 244; x_wconf 88' lang='lat' dir='ltr'>benutzten</span> <span class='ocrx_word' id='word_1_8' title='bbox 1294 208 1457 248; x_wconf 84' lang='lat' dir='ltr'>Quellen.</span> <span class='ocrx_word' id='word_1_9' title='bbox 1677 208 1717 245; x_wconf 80' lang='grc'>15</span> 
     </span>
    </p>
   </div>
   <div class='ocr_carea' id='block_1_2' title="bbox 87 314 1731 2652">
    <p class='ocr_par' dir='ltr' id='par_1_2' title="bbox 87 314 1724 1282">
     <span class='ocr_line' id='line_1_2' title="bbox 87 314 1718 370; baseline -0.002 -12"><span class='ocrx_word' id='word_1_10' title='bbox 87 317 142 359; x_wconf 91' lang='lat' dir='ltr'>ad</span> <span class='ocrx_word' id='word_1_11' title='bbox 162 320 393 370; x_wconf 85' lang='lat' dir='ltr'>utrumque</span> <span class='ocrx_word' id='word_1_12' title='bbox 417 331 461 358; x_wconf 88' lang='lat' dir='ltr'>se</span> <span class='ocrx_word' id='word_1_13' title='bbox 482 317 625 365; x_wconf 74' lang='lat' dir='ltr'>habet,</span> <span class='ocrx_word' id='word_1_14' title='bbox 643 316 798 357; x_wconf 83' lang='lat' dir='ltr'>scilicet</span> <span class='ocrx_word' id='word_1_15' title='bbox 819 316 873 356; x_wconf 85' lang='lat' dir='ltr'>ad</span> <span class='ocrx_word' id='word_1_16' title='bbox 894 328 1125 368; x_wconf 82' lang='lat' dir='ltr'>personam</span> <span class='ocrx_word' id='word_1_17' title='bbox 1147 317 1188 355; x_wconf 88' lang='lat' dir='ltr'>et</span> <span class='ocrx_word' id='word_1_18' title='bbox 1209 315 1264 355; x_wconf 88' lang='lat' dir='ltr'>ad</span> <span class='ocrx_word' id='word_1_19' title='bbox 1284 317 1498 355; x_wconf 75' lang='lat' dir='ltr'>naturam‘</span> <span class='ocrx_word' id='word_1_20' title='bbox 1525 314 1585 368; x_wconf 86' lang='lat' dir='ltr'>(S.</span> <span class='ocrx_word' id='word_1_21' title='bbox 1606 315 1718 355; x_wconf 72' lang='lat'>1002*</span> 
     </span>
     <span class='ocr_line' id='line_1_3' title="bbox 87 391 1719 447; baseline -0.002 -13"><span class='ocrx_word' id='word_1_22' title='bbox 87 394 128 435; x_wconf 91' lang='lat' dir='ltr'>Z.</span> <span class='ocrx_word' id='word_1_23' title='bbox 146 394 200 447; x_wconf 78' lang='grc' dir='ltr'>Ἰ).</span> <span class='ocrx_word' id='word_1_24' title='bbox 229 394 312 433; x_wconf 89' lang='lat' dir='ltr'>Der</span> <span class='ocrx_word' id='word_1_25' title='bbox 327 393 743 444; x_wconf 73' lang='lat' dir='ltr'>entgegenstehende</span> <span class='ocrx_word' id='word_1_26' title='bbox 759 392 880 434; x_wconf 86' lang='lat' dir='ltr'>Satz:</span> <span class='ocrx_word' id='word_1_27' title='bbox 905 392 1115 444; x_wconf 78' lang='lat' dir='ltr'>Quicquid</span> <span class='ocrx_word' id='word_1_28' title='bbox 1131 393 1194 432; x_wconf 86' lang='lat' dir='ltr'>est</span> <span class='ocrx_word' id='word_1_29' title='bbox 1209 392 1250 431; x_wconf 90' lang='lat' dir='ltr'>in</span> <span class='ocrx_word' id='word_1_30' title='bbox 1265 391 1368 439; x_wconf 73' lang='lat' dir='ltr'>Deo,</span> <span class='ocrx_word' id='word_1_31' title='bbox 1390 392 1503 431; x_wconf 88' lang='lat' dir='ltr'>Deus</span> <span class='ocrx_word' id='word_1_32' title='bbox 1519 394 1595 440; x_wconf 88' lang='grc' dir='ltr'>θεῖ,</span> <span class='ocrx_word' id='word_1_33' title='bbox 1613 391 1719 431; x_wconf 86' lang='lat' dir='ltr'>wird</span> 
     </span>
     <span class='ocr_line' id='line_1_4' title="bbox 88 467 1719 520; baseline -0.002 -11"><span class='ocrx_word' id='word_1_34' title='bbox 88 469 221 509; x_wconf 87' lang='lat' dir='ltr'>durch</span> <span class='ocrx_word' id='word_1_35' title='bbox 253 469 565 509; x_wconf 87' lang='lat' dir='ltr'>Distinktionen</span> <span class='ocrx_word' id='word_1_36' title='bbox 598 469 815 520; x_wconf 72' lang='lat' dir='ltr'>beseitigt:</span> <span class='ocrx_word' id='word_1_37' title='bbox 865 469 984 514; x_wconf 82' lang='lat' dir='ltr'>,Item</span> <span class='ocrx_word' id='word_1_38' title='bbox 1030 468 1062 508; x_wconf 91' lang='lat' dir='ltr'>si</span> <span class='ocrx_word' id='word_1_39' title='bbox 1105 481 1313 520; x_wconf 78' lang='lat' dir='ltr'>opponas,</span> <span class='ocrx_word' id='word_1_40' title='bbox 1361 467 1476 519; x_wconf 87' lang='lat' dir='ltr'>quod</span> <span class='ocrx_word' id='word_1_41' title='bbox 1519 467 1719 519; x_wconf 87' lang='lat' dir='ltr'>quicquid</span> 
     </span>
     <span class='ocr_line' id='line_1_5' title="bbox 87 543 1720 595; baseline -0.002 -10"><span class='ocrx_word' id='word_1_42' title='bbox 87 548 151 585; x_wconf 88' lang='lat' dir='ltr'>est</span> <span class='ocrx_word' id='word_1_43' title='bbox 182 546 223 585; x_wconf 94' lang='lat' dir='ltr'>in</span> <span class='ocrx_word' id='word_1_44' title='bbox 250 545 353 595; x_wconf 68' lang='lat' dir='ltr'>Deo,</span> <span class='ocrx_word' id='word_1_45' title='bbox 388 545 500 585; x_wconf 84' lang='lat' dir='ltr'>Deus</span> <span class='ocrx_word' id='word_1_46' title='bbox 534 547 610 594; x_wconf 82' lang='lat' dir='ltr'>est,</span> <span class='ocrx_word' id='word_1_47' title='bbox 646 545 703 584; x_wconf 84' lang='lat' dir='ltr'>sic</span> <span class='ocrx_word' id='word_1_48' title='bbox 731 544 1039 584; x_wconf 72' lang='lat' dir='ltr'>determinant:</span> <span class='ocrx_word' id='word_1_49' title='bbox 1077 544 1187 583; x_wconf 91' lang='lat' dir='ltr'>lllud</span> <span class='ocrx_word' id='word_1_50' title='bbox 1223 543 1449 595; x_wconf 76' lang='lat' dir='ltr'>,quicquid‘</span> <span class='ocrx_word' id='word_1_51' title='bbox 1484 556 1572 583; x_wconf 90' lang='lat' dir='ltr'>non</span> <span class='ocrx_word' id='word_1_52' title='bbox 1598 545 1720 583; x_wconf 88' lang='lat' dir='ltr'>notat</span> 
     </span>
     <span class='ocr_line' id='line_1_6' title="bbox 88 619 1720 672; baseline -0.002 -11"><span class='ocrx_word' id='word_1_53' title='bbox 88 634 234 671; x_wconf 83' lang='lat' dir='ltr'>unum,</span> <span class='ocrx_word' id='word_1_54' title='bbox 264 621 419 661; x_wconf 87' lang='lat' dir='ltr'>scilicet</span> <span class='ocrx_word' id='word_1_55' title='bbox 446 621 724 671; x_wconf 77' lang='lat' dir='ltr'>divinitatem,</span> <span class='ocrx_word' id='word_1_56' title='bbox 754 634 779 661; x_wconf 88' lang='lat' dir='ltr'>a</span> <span class='ocrx_word' id='word_1_57' title='bbox 814 633 899 672; x_wconf 88' lang='lat' dir='ltr'>qua</span> <span class='ocrx_word' id='word_1_58' title='bbox 926 632 1213 672; x_wconf 71' lang='lat' dir='ltr'>unaquaeque</span> <span class='ocrx_word' id='word_1_59' title='bbox 1240 619 1409 659; x_wconf 86' lang='lat' dir='ltr'>illarum</span> <span class='ocrx_word' id='word_1_60' title='bbox 1436 632 1720 671; x_wconf 80' lang='lat' dir='ltr'>personarum</span> 
     </span>
     <span class='ocr_line' id='line_1_7' title="bbox 88 695 1721 748; baseline -0.001 -12"><span class='ocrx_word' id='word_1_61' title='bbox 88 696 201 736; x_wconf 91' lang='lat' dir='ltr'>Deus</span> <span class='ocrx_word' id='word_1_62' title='bbox 235 699 310 738; x_wconf 88' lang='lat' dir='ltr'>est.</span> <span class='ocrx_word' id='word_1_63' title='bbox 375 696 449 737; x_wconf 90' lang='lat' dir='ltr'>Vel</span> <span class='ocrx_word' id='word_1_64' title='bbox 482 697 584 737; x_wconf 90' lang='lat' dir='ltr'>illud</span> <span class='ocrx_word' id='word_1_65' title='bbox 620 697 847 748; x_wconf 81' lang='lat' dir='ltr'>‚quicquid‘</span> <span class='ocrx_word' id='word_1_66' title='bbox 884 709 935 736; x_wconf 81' lang='lat' dir='ltr'>ex</span> <span class='ocrx_word' id='word_1_67' title='bbox 967 699 1089 748; x_wconf 85' lang='lat' dir='ltr'>parte</span> <span class='ocrx_word' id='word_1_68' title='bbox 1122 695 1356 748; x_wconf 84' lang='lat' dir='ltr'>praedicati</span> <span class='ocrx_word' id='word_1_69' title='bbox 1389 695 1647 746; x_wconf 73' lang='lat' dir='ltr'>intelligatur</span> <span class='ocrx_word' id='word_1_70' title='bbox 1680 697 1721 734; x_wconf 91' lang='lat' dir='ltr'>et</span> 
     </span>
     <span class='ocr_line' id='line_1_8' title="bbox 89 770 1721 824; baseline -0.002 -11"><span class='ocrx_word' id='word_1_71' title='bbox 89 786 175 812; x_wconf 91' lang='lat' dir='ltr'>non</span> <span class='ocrx_word' id='word_1_72' title='bbox 208 773 397 822; x_wconf 80' lang='lat' dir='ltr'>subiecti,</span> <span class='ocrx_word' id='word_1_73' title='bbox 438 776 484 813; x_wconf 87' lang='lat' dir='ltr'>ut</span> <span class='ocrx_word' id='word_1_74' title='bbox 517 773 570 813; x_wconf 84' lang='lat' dir='ltr'>sit</span> <span class='ocrx_word' id='word_1_75' title='bbox 602 786 775 813; x_wconf 85' lang='lat' dir='ltr'>sensus:</span> <span class='ocrx_word' id='word_1_76' title='bbox 818 772 1028 824; x_wconf 73' lang='lat' dir='ltr'>Quicquid</span> <span class='ocrx_word' id='word_1_77' title='bbox 1061 772 1103 811; x_wconf 90' lang='lat' dir='ltr'>in</span> <span class='ocrx_word' id='word_1_78' title='bbox 1134 771 1224 812; x_wconf 91' lang='lat' dir='ltr'>Deo</span> <span class='ocrx_word' id='word_1_79' title='bbox 1258 774 1335 821; x_wconf 88' lang='grc' dir='ltr'>θεῖ,</span> <span class='ocrx_word' id='word_1_80' title='bbox 1376 771 1489 811; x_wconf 90' lang='lat' dir='ltr'>Deus</span> <span class='ocrx_word' id='word_1_81' title='bbox 1523 773 1587 810; x_wconf 91' lang='lat' dir='ltr'>est</span> <span class='ocrx_word' id='word_1_82' title='bbox 1619 770 1721 810; x_wconf 93' lang='lat' dir='ltr'>illud</span> 
     </span>
     <span class='ocr_line' id='line_1_9' title="bbox 90 847 1719 900; baseline -0.001 -13"><span class='ocrx_word' id='word_1_83' title='bbox 90 848 310 900; x_wconf 84' lang='lat' dir='ltr'>quicquid;</span> <span class='ocrx_word' id='word_1_84' title='bbox 345 849 462 889; x_wconf 83' lang='lat' dir='ltr'>verbi</span> <span class='ocrx_word' id='word_1_85' title='bbox 496 849 631 900; x_wconf 80' lang='lat' dir='ltr'>gratia</span> <span class='ocrx_word' id='word_1_86' title='bbox 665 862 761 889; x_wconf 85' lang='lat' dir='ltr'>cum</span> <span class='ocrx_word' id='word_1_87' title='bbox 796 849 910 889; x_wconf 88' lang='lat' dir='ltr'>dico:</span> <span class='ocrx_word' id='word_1_88' title='bbox 945 848 989 888; x_wconf 93' lang='lat' dir='ltr'>Si</span> <span class='ocrx_word' id='word_1_89' title='bbox 1016 848 1170 889; x_wconf 87' lang='lat' dir='ltr'>caritas</span> <span class='ocrx_word' id='word_1_90' title='bbox 1197 848 1239 888; x_wconf 89' lang='lat' dir='ltr'>in</span> <span class='ocrx_word' id='word_1_91' title='bbox 1265 848 1354 888; x_wconf 91' lang='lat' dir='ltr'>Deo</span> <span class='ocrx_word' id='word_1_92' title='bbox 1382 850 1458 897; x_wconf 80' lang='lat' dir='ltr'>est,</span> <span class='ocrx_word' id='word_1_93' title='bbox 1493 847 1606 886; x_wconf 92' lang='lat' dir='ltr'>Deus</span> <span class='ocrx_word' id='word_1_94' title='bbox 1634 849 1719 895; x_wconf 79' lang='grc' dir='ltr'>θεῖς</span> 
     </span>
     <span class='ocr_line' id='line_1_10' title="bbox 88 922 1719 975; baseline -0.002 -11"><span class='ocrx_word' id='word_1_95' title='bbox 88 925 121 965; x_wconf 89' lang='lat' dir='ltr'>si</span> <span class='ocrx_word' id='word_1_96' title='bbox 153 925 369 965; x_wconf 75' lang='lat' dir='ltr'>humilitas</span> <span class='ocrx_word' id='word_1_97' title='bbox 396 925 438 965; x_wconf 93' lang='lat' dir='ltr'>in</span> <span class='ocrx_word' id='word_1_98' title='bbox 464 925 553 965; x_wconf 92' lang='lat' dir='ltr'>Deo</span> <span class='ocrx_word' id='word_1_99' title='bbox 581 928 657 975; x_wconf 86' lang='grc' dir='ltr'>θεῖ,</span> <span class='ocrx_word' id='word_1_100' title='bbox 690 925 804 965; x_wconf 83' lang='lat' dir='ltr'>Deus</span> <span class='ocrx_word' id='word_1_101' title='bbox 834 928 898 965; x_wconf 92' lang='lat' dir='ltr'>est</span> <span class='ocrx_word' id='word_1_102' title='bbox 930 925 1168 973; x_wconf 89' lang='lat' dir='ltr'>humilitas;</span> <span class='ocrx_word' id='word_1_103' title='bbox 1213 924 1287 964; x_wconf 87' lang='lat' dir='ltr'>sed</span> <span class='ocrx_word' id='word_1_104' title='bbox 1322 936 1408 963; x_wconf 91' lang='lat' dir='ltr'>non</span> <span class='ocrx_word' id='word_1_105' title='bbox 1442 922 1719 963; x_wconf 75' lang='lat' dir='ltr'>convertitur‘</span> 
     </span>
     <span class='ocr_line' id='line_1_11' title="bbox 91 997 1722 1054; baseline -0.002 -13"><span class='ocrx_word' id='word_1_106' title='bbox 91 1000 151 1053; x_wconf 81' lang='lat' dir='ltr'>(S.</span> <span class='ocrx_word' id='word_1_107' title='bbox 179 1000 290 1041; x_wconf 64' lang='lat'>162*</span> <span class='ocrx_word' id='word_1_108' title='bbox 322 1001 364 1042; x_wconf 92' lang='lat' dir='ltr'>Z.</span> <span class='ocrx_word' id='word_1_109' title='bbox 387 1001 445 1054; x_wconf 77' lang='lat'>5).</span> <span class='ocrx_word' id='word_1_110' title='bbox 499 1001 642 1053; x_wconf 78' lang='lat' dir='ltr'>G-egen</span> <span class='ocrx_word' id='word_1_111' title='bbox 676 1002 789 1041; x_wconf 87' lang='lat' dir='ltr'>diese</span> <span class='ocrx_word' id='word_1_112' title='bbox 822 1002 995 1041; x_wconf 81' lang='lat' dir='ltr'>letztere</span> <span class='ocrx_word' id='word_1_113' title='bbox 1027 1000 1400 1051; x_wconf 79' lang='lat' dir='ltr'>Unterscheidung</span> <span class='ocrx_word' id='word_1_114' title='bbox 1432 999 1602 1039; x_wconf 88' lang='lat' dir='ltr'>wendet</span> <span class='ocrx_word' id='word_1_115' title='bbox 1636 997 1722 1038; x_wconf 88' lang='lat' dir='ltr'>sich</span> 
     </span>
     <span class='ocr_line' id='line_1_12' title="bbox 91 1074 1724 1132; baseline -0.003 -15"><span class='ocrx_word' id='word_1_116' title='bbox 91 1077 166 1117; x_wconf 88' lang='lat' dir='ltr'>der</span> <span class='ocrx_word' id='word_1_117' title='bbox 216 1077 498 1118; x_wconf 86' lang='lat' dir='ltr'>Kommentar</span> <span class='ocrx_word' id='word_1_118' title='bbox 549 1090 600 1117; x_wconf 87' lang='lat' dir='ltr'>zu</span> <span class='ocrx_word' id='word_1_119' title='bbox 651 1077 856 1117; x_wconf 74' lang='lat' dir='ltr'>Boethius</span> <span class='ocrx_word' id='word_1_120' title='bbox 875 1078 888 1102; x_wconf 72' lang='lat'>1</span> <span class='ocrx_word' id='word_1_121' title='bbox 943 1077 1008 1126; x_wconf 78' lang='lat' dir='ltr'>,de</span> <span class='ocrx_word' id='word_1_122' title='bbox 1053 1077 1291 1125; x_wconf 74' lang='lat' dir='ltr'>Trinitate‘,</span> <span class='ocrx_word' id='word_1_123' title='bbox 1344 1076 1422 1132; x_wconf 16' lang='lat' dir='ltr'>‘der</span> <span class='ocrx_word' id='word_1_124' title='bbox 1472 1078 1598 1114; x_wconf 86' lang='lat' dir='ltr'>unter</span> <span class='ocrx_word' id='word_1_125' title='bbox 1642 1074 1724 1113; x_wconf 88' lang='lat' dir='ltr'>den</span> 
     </span>
     <span class='ocr_line' id='line_1_13' title="bbox 92 1149 1724 1204; baseline -0.003 -11"><span class='ocrx_word' id='word_1_126' title='bbox 92 1153 278 1193; x_wconf 59' lang='lat' dir='ltr'>lVerken</span> <span class='ocrx_word' id='word_1_127' title='bbox 312 1154 385 1194; x_wconf 89' lang='lat' dir='ltr'>des</span> <span class='ocrx_word' id='word_1_128' title='bbox 419 1154 589 1194; x_wconf 79' lang='lat' dir='ltr'>Baeda</span> <span class='ocrx_word' id='word_1_129' title='bbox 623 1153 946 1193; x_wconf 80' lang='lat' dir='ltr'>Venerabilis</span> <span class='ocrx_word' id='word_1_130' title='bbox 981 1153 1186 1204; x_wconf 73' lang='lat' dir='ltr'>gedruckt</span> <span class='ocrx_word' id='word_1_131' title='bbox 1218 1153 1271 1192; x_wconf 89' lang='lat' dir='ltr'>ist</span> <span class='ocrx_word' id='word_1_132' title='bbox 1303 1151 1391 1191; x_wconf 92' lang='lat' dir='ltr'>und</span> <span class='ocrx_word' id='word_1_133' title='bbox 1425 1165 1480 1191; x_wconf 88' lang='lat' dir='ltr'>an</span> <span class='ocrx_word' id='word_1_134' title='bbox 1512 1149 1724 1190; x_wconf 76' lang='lat' dir='ltr'>manc-hen</span> 
     </span>
     <span class='ocr_line' id='line_1_14' title="bbox 93 1228 920 1282; baseline 0 -13"><span class='ocrx_word' id='word_1_135' title='bbox 93 1228 253 1269; x_wconf 90' lang='lat' dir='ltr'>Stellen</span> <span class='ocrx_word' id='word_1_136' title='bbox 286 1242 418 1281; x_wconf 73' lang='lat' dir='ltr'>gegen</span> <span class='ocrx_word' id='word_1_137' title='bbox 452 1229 613 1270; x_wconf 83' lang='lat' dir='ltr'>Gilbert</span> <span class='ocrx_word' id='word_1_138' title='bbox 645 1229 920 1282; x_wconf 87' lang='lat' dir='ltr'>polemisiert.</span> 
     </span>
    </p>

    <p class='ocr_par' dir='ltr' id='par_1_3' title="bbox 94 1302 1729 2118">
     <span class='ocr_line' id='line_1_15' title="bbox 234 1302 1725 1356; baseline -0.003 -11"><span class='ocrx_word' id='word_1_139' title='bbox 234 1305 410 1345; x_wconf 86' lang='lat' dir='ltr'>Endlich</span> <span class='ocrx_word' id='word_1_140' title='bbox 449 1305 556 1345; x_wconf 88' lang='lat' dir='ltr'>wird</span> <span class='ocrx_word' id='word_1_141' title='bbox 593 1306 708 1346; x_wconf 87' lang='lat' dir='ltr'>dann</span> <span class='ocrx_word' id='word_1_142' title='bbox 747 1305 858 1345; x_wconf 86' lang='lat' dir='ltr'>noch</span> <span class='ocrx_word' id='word_1_143' title='bbox 898 1305 972 1345; x_wconf 90' lang='lat' dir='ltr'>der</span> <span class='ocrx_word' id='word_1_144' title='bbox 1012 1304 1305 1356; x_wconf 75' lang='lat' dir='ltr'>gewolmliche</span> <span class='ocrx_word' id='word_1_145' title='bbox 1345 1302 1553 1343; x_wconf 84' lang='lat' dir='ltr'>Einwand</span> <span class='ocrx_word' id='word_1_146' title='bbox 1593 1314 1725 1354; x_wconf 74' lang='lat' dir='ltr'>gegen</span> 
     </span>
     <span class='ocr_line' id='line_1_16' title="bbox 94 1377 1724 1429; baseline -0.002 -8"><span class='ocrx_word' id='word_1_147' title='bbox 94 1381 160 1421; x_wconf 91' lang='lat' dir='ltr'>die</span> <span class='ocrx_word' id='word_1_148' title='bbox 201 1381 465 1422; x_wconf 81' lang='lat' dir='ltr'>Gilbertsche</span> <span class='ocrx_word' id='word_1_149' title='bbox 504 1381 654 1429; x_wconf 77' lang='lat' dir='ltr'>Lehre,</span> <span class='ocrx_word' id='word_1_150' title='bbox 701 1382 780 1421; x_wconf 84' lang='lat' dir='ltr'>wie</span> <span class='ocrx_word' id='word_1_151' title='bbox 819 1394 864 1421; x_wconf 89' lang='lat' dir='ltr'>er</span> <span class='ocrx_word' id='word_1_152' title='bbox 902 1395 1002 1421; x_wconf 81' lang='lat' dir='ltr'>vom</span> <span class='ocrx_word' id='word_1_153' title='bbox 1040 1381 1104 1422; x_wconf 89' lang='lat' dir='ltr'>hl.</span> <span class='ocrx_word' id='word_1_154' title='bbox 1145 1380 1458 1428; x_wconf 78' lang='lat' dir='ltr'>Bernhard2⁷</span> <span class='ocrx_word' id='word_1_155' title='bbox 1505 1379 1580 1418; x_wconf 89' lang='lat' dir='ltr'>der</span> <span class='ocrx_word' id='word_1_156' title='bbox 1617 1377 1681 1418; x_wconf 77' lang='lat' dir='ltr'>SS</span> <span class='ocrx_word' id='word_1_157' title='bbox 1697 1379 1724 1427; x_wconf 83' lang='grc'>3,</span> 
     </span>
     <span class='ocr_line' id='line_1_17' title="bbox 94 1454 1726 1509; baseline -0.003 -11"><span class='ocrx_word' id='word_1_158' title='bbox 94 1457 288 1498; x_wconf 88' lang='lat' dir='ltr'>Walter</span> <span class='ocrx_word' id='word_1_159' title='bbox 314 1471 410 1498; x_wconf 81' lang='lat' dir='ltr'>von</span> <span class='ocrx_word' id='word_1_160' title='bbox 438 1458 733 1509; x_wconf 78' lang='lat' dir='ltr'>Mortagne4</span> <span class='ocrx_word' id='word_1_161' title='bbox 765 1458 955 1498; x_wconf 87' lang='lat' dir='ltr'>erhoben</span> <span class='ocrx_word' id='word_1_162' title='bbox 983 1457 1102 1507; x_wconf 72' lang='lat' dir='ltr'>wird,</span> <span class='ocrx_word' id='word_1_163' title='bbox 1137 1456 1521 1507; x_wconf 74' lang='lat' dir='ltr'>Ztiruckgewiesen.</span> <span class='ocrx_word' id='word_1_164' title='bbox 1586 1454 1726 1494; x_wconf 89' lang='lat' dir='ltr'>Wenn</span> 
     </span>
     <span class='ocr_line' id='line_1_18' title="bbox 96 1531 1726 1586; baseline -0.002 -13"><span class='ocrx_word' id='word_1_165' title='bbox 96 1534 161 1573; x_wconf 92' lang='lat' dir='ltr'>die</span> <span class='ocrx_word' id='word_1_166' title='bbox 194 1534 492 1586; x_wconf 79' lang='lat' dir='ltr'>Proprietaten</span> <span class='ocrx_word' id='word_1_167' title='bbox 524 1534 640 1574; x_wconf 86' lang='lat' dir='ltr'>nicht</span> <span class='ocrx_word' id='word_1_168' title='bbox 673 1534 774 1574; x_wconf 79' lang='lat' dir='ltr'>Gott</span> <span class='ocrx_word' id='word_1_169' title='bbox 807 1534 938 1574; x_wconf 83' lang='lat' dir='ltr'>selbst</span> <span class='ocrx_word' id='word_1_170' title='bbox 971 1534 1098 1583; x_wconf 78' lang='lat' dir='ltr'>seien,</span> <span class='ocrx_word' id='word_1_171' title='bbox 1142 1546 1189 1573; x_wconf 89' lang='lat' dir='ltr'>so</span> <span class='ocrx_word' id='word_1_172' title='bbox 1224 1533 1282 1572; x_wconf 85' lang='lat' dir='ltr'>sei</span> <span class='ocrx_word' id='word_1_173' title='bbox 1315 1534 1449 1572; x_wconf 91' lang='lat' dir='ltr'>etwas</span> <span class='ocrx_word' id='word_1_174' title='bbox 1482 1531 1602 1582; x_wconf 76' lang='lat' dir='ltr'>ewig⁷</span> <span class='ocrx_word' id='word_1_175' title='bbox 1636 1543 1726 1569; x_wconf 90' lang='lat' dir='ltr'>was</span> 
     </span>
     <span class='ocr_line' id='line_1_19' title="bbox 94 1606 1724 1661; baseline -0.004 -11"><span class='ocrx_word' id='word_1_176' title='bbox 94 1610 210 1650; x_wconf 87' lang='lat' dir='ltr'>nicht</span> <span class='ocrx_word' id='word_1_177' title='bbox 243 1610 343 1651; x_wconf 88' lang='lat' dir='ltr'>Gott</span> <span class='ocrx_word' id='word_1_178' title='bbox 376 1610 447 1651; x_wconf 90' lang='lat' dir='ltr'>sei.</span> <span class='ocrx_word' id='word_1_179' title='bbox 510 1610 657 1650; x_wconf 89' lang='lat' dir='ltr'>Dieser</span> <span class='ocrx_word' id='word_1_180' title='bbox 690 1610 899 1650; x_wconf 89' lang='lat' dir='ltr'>Einwand</span> <span class='ocrx_word' id='word_1_181' title='bbox 932 1610 1040 1661; x_wconf 79' lang='lat' dir='ltr'>gelte</span> <span class='ocrx_word' id='word_1_182' title='bbox 1074 1623 1155 1649; x_wconf 90' lang='lat' dir='ltr'>nur</span> <span class='ocrx_word' id='word_1_183' title='bbox 1188 1609 1317 1657; x_wconf 80' lang='lat' dir='ltr'>dann,</span> <span class='ocrx_word' id='word_1_184' title='bbox 1364 1620 1489 1647; x_wconf 86' lang='lat' dir='ltr'>wenn</span> <span class='ocrx_word' id='word_1_185' title='bbox 1522 1619 1624 1646; x_wconf 88' lang='lat' dir='ltr'>man</span> <span class='ocrx_word' id='word_1_186' title='bbox 1658 1606 1724 1645; x_wconf 84' lang='lat' dir='ltr'>die</span> 
     </span>
     <span class='ocr_line' id='line_1_20' title="bbox 94 1682 1728 1738; baseline -0.002 -13"><span class='ocrx_word' id='word_1_187' title='bbox 94 1685 392 1738; x_wconf 68' lang='lat' dir='ltr'>Proprietaten</span> <span class='ocrx_word' id='word_1_188' title='bbox 442 1685 508 1726; x_wconf 73' lang='lat' dir='ltr'>far</span> <span class='ocrx_word' id='word_1_189' title='bbox 558 1689 692 1726; x_wconf 86' lang='lat' dir='ltr'>etwas</span> <span class='ocrx_word' id='word_1_190' title='bbox 743 1699 827 1726; x_wconf 83' lang='lat' dir='ltr'>von</span> <span class='ocrx_word' id='word_1_191' title='bbox 879 1686 979 1726; x_wconf 89' lang='lat' dir='ltr'>Gott</span> <span class='ocrx_word' id='word_1_192' title='bbox 1030 1685 1378 1734; x_wconf 75' lang='lat' dir='ltr'>Verschieclenes,</span> <span class='ocrx_word' id='word_1_193' title='bbox 1443 1682 1575 1723; x_wconf 63' lang='lat' dir='ltr'>ausser</span> <span class='ocrx_word' id='word_1_194' title='bbox 1627 1682 1728 1722; x_wconf 82' lang='lat' dir='ltr'>Gott</span> 
     </span>
     <span class='ocr_line' id='line_1_21' title="bbox 95 1759 1724 1815; baseline -0.002 -15"><span class='ocrx_word' id='word_1_195' title='bbox 95 1760 297 1801; x_wconf 86' lang='lat' dir='ltr'>Seiencles</span> <span class='ocrx_word' id='word_1_196' title='bbox 330 1762 458 1803; x_wconf 86' lang='lat' dir='ltr'>halte.</span> <span class='ocrx_word' id='word_1_197' title='bbox 522 1761 642 1811; x_wconf 80' lang='lat' dir='ltr'>‚Item</span> <span class='ocrx_word' id='word_1_198' title='bbox 676 1762 708 1802; x_wconf 89' lang='lat' dir='ltr'>si</span> <span class='ocrx_word' id='word_1_199' title='bbox 742 1765 1009 1815; x_wconf 86' lang='lat' dir='ltr'>opponatur:</span> <span class='ocrx_word' id='word_1_200' title='bbox 1045 1762 1171 1802; x_wconf 88' lang='lat' dir='ltr'>Solus</span> <span class='ocrx_word' id='word_1_201' title='bbox 1203 1761 1317 1801; x_wconf 89' lang='lat' dir='ltr'>Deus</span> <span class='ocrx_word' id='word_1_202' title='bbox 1350 1760 1425 1800; x_wconf 82' lang='lat' dir='ltr'>fuit</span> <span class='ocrx_word' id='word_1_203' title='bbox 1453 1759 1507 1799; x_wconf 83' lang='lat' dir='ltr'>ab</span> <span class='ocrx_word' id='word_1_204' title='bbox 1535 1760 1724 1807; x_wconf 80' lang='lat' dir='ltr'>aeterno,</span> 
     </span>
     <span class='ocr_line' id='line_1_22' title="bbox 95 1835 1727 1890; baseline -0.001 -14"><span class='ocrx_word' id='word_1_205' title='bbox 95 1850 179 1877; x_wconf 92' lang='lat' dir='ltr'>non</span> <span class='ocrx_word' id='word_1_206' title='bbox 214 1840 278 1877; x_wconf 87' lang='grc' dir='ltr'>θεῖ</span> <span class='ocrx_word' id='word_1_207' title='bbox 311 1838 586 1887; x_wconf 79' lang='lat' dir='ltr'>contrarium,</span> <span class='ocrx_word' id='word_1_208' title='bbox 621 1839 721 1890; x_wconf 91' lang='lat' dir='ltr'>quia</span> <span class='ocrx_word' id='word_1_209' title='bbox 752 1852 841 1878; x_wconf 92' lang='lat' dir='ltr'>non</span> <span class='ocrx_word' id='word_1_210' title='bbox 874 1838 1058 1879; x_wconf 76' lang='lat' dir='ltr'>excludit</span> <span class='ocrx_word' id='word_1_211' title='bbox 1091 1838 1250 1890; x_wconf 88' lang='lat' dir='ltr'>aliquid</span> <span class='ocrx_word' id='word_1_212' title='bbox 1284 1837 1400 1889; x_wconf 86' lang='lat' dir='ltr'>quod</span> <span class='ocrx_word' id='word_1_213' title='bbox 1433 1837 1485 1877; x_wconf 87' lang='lat' dir='ltr'>sit</span> <span class='ocrx_word' id='word_1_214' title='bbox 1515 1837 1617 1885; x_wconf 74' lang='lat' dir='ltr'>eius,</span> <span class='ocrx_word' id='word_1_215' title='bbox 1654 1835 1727 1875; x_wconf 90' lang='lat' dir='ltr'>sed</span> 
     </span>
     <span class='ocr_line' id='line_1_23' title="bbox 96 1913 1729 1965; baseline -0.001 -13"><span class='ocrx_word' id='word_1_216' title='bbox 96 1913 212 1965; x_wconf 90' lang='lat' dir='ltr'>quod</span> <span class='ocrx_word' id='word_1_217' title='bbox 251 1913 467 1954; x_wconf 73' lang='lat' dir='ltr'>diversum</span> <span class='ocrx_word' id='word_1_218' title='bbox 505 1917 568 1954; x_wconf 86' lang='grc' dir='ltr'>θεῖ</span> <span class='ocrx_word' id='word_1_219' title='bbox 607 1915 661 1954; x_wconf 85' lang='lat' dir='ltr'>ab</span> <span class='ocrx_word' id='word_1_220' title='bbox 695 1928 767 1963; x_wconf 84' lang='lat' dir='ltr'>eo;</span> <span class='ocrx_word' id='word_1_221' title='bbox 815 1915 921 1955; x_wconf 88' lang='lat' dir='ltr'>sicut</span> <span class='ocrx_word' id='word_1_222' title='bbox 961 1928 1058 1955; x_wconf 87' lang='lat' dir='ltr'>cum</span> <span class='ocrx_word' id='word_1_223' title='bbox 1097 1914 1213 1954; x_wconf 88' lang='lat' dir='ltr'>dico:</span> <span class='ocrx_word' id='word_1_224' title='bbox 1260 1913 1386 1954; x_wconf 87' lang='lat' dir='ltr'>Solus</span> <span class='ocrx_word' id='word_1_225' title='bbox 1426 1913 1625 1953; x_wconf 72' lang='lat' dir='ltr'>Socrates</span> <span class='ocrx_word' id='word_1_226' title='bbox 1665 1914 1729 1951; x_wconf 84' lang='lat' dir='ltr'>est</span> 
     </span>
     <span class='ocr_line' id='line_1_24' title="bbox 97 1988 1728 2043; baseline -0.001 -15"><span class='ocrx_word' id='word_1_227' title='bbox 97 1988 138 2029; x_wconf 96' lang='lat' dir='ltr'>in</span> <span class='ocrx_word' id='word_1_228' title='bbox 169 1990 312 2039; x_wconf 79' lang='lat' dir='ltr'>domo,</span> <span class='ocrx_word' id='word_1_229' title='bbox 345 2003 432 2029; x_wconf 89' lang='lat' dir='ltr'>non</span> <span class='ocrx_word' id='word_1_230' title='bbox 465 1990 644 2031; x_wconf 72' lang='lat' dir='ltr'>excludo</span> <span class='ocrx_word' id='word_1_231' title='bbox 687 1991 847 2043; x_wconf 88' lang='lat' dir='ltr'>aliquid</span> <span class='ocrx_word' id='word_1_232' title='bbox 880 1991 996 2042; x_wconf 90' lang='lat' dir='ltr'>quod</span> <span class='ocrx_word' id='word_1_233' title='bbox 1026 1991 1078 2030; x_wconf 88' lang='lat' dir='ltr'>sit</span> <span class='ocrx_word' id='word_1_234' title='bbox 1111 1990 1214 2039; x_wconf 79' lang='lat' dir='ltr'>eius,</span> <span class='ocrx_word' id='word_1_235' title='bbox 1256 1990 1330 2030; x_wconf 89' lang='lat' dir='ltr'>sed</span> <span class='ocrx_word' id='word_1_236' title='bbox 1363 1989 1480 2041; x_wconf 89' lang='lat' dir='ltr'>quod</span> <span class='ocrx_word' id='word_1_237' title='bbox 1513 1988 1728 2028; x_wconf 80' lang='lat' dir='ltr'>diversum</span> 
     </span>
     <span class='ocr_line' id='line_1_25' title="bbox 98 2063 1727 2118; baseline -0.001 -13"><span class='ocrx_word' id='word_1_238' title='bbox 98 2068 161 2105; x_wconf 88' lang='grc' dir='ltr'>θεῖ</span> <span class='ocrx_word' id='word_1_239' title='bbox 194 2066 247 2105; x_wconf 83' lang='lat' dir='ltr'>ab</span> <span class='ocrx_word' id='word_1_240' title='bbox 281 2078 345 2115; x_wconf 74' lang='lat' dir='ltr'>eo,</span> <span class='ocrx_word' id='word_1_241' title='bbox 381 2066 536 2107; x_wconf 89' lang='lat' dir='ltr'>scilicet</span> <span class='ocrx_word' id='word_1_242' title='bbox 562 2066 787 2107; x_wconf 83' lang='lat' dir='ltr'>Platonem</span> <span class='ocrx_word' id='word_1_243' title='bbox 814 2067 879 2106; x_wconf 83' lang='lat' dir='ltr'>vel</span> <span class='ocrx_word' id='word_1_244' title='bbox 911 2067 1041 2106; x_wconf 90' lang='lat' dir='ltr'>alium</span> <span class='ocrx_word' id='word_1_245' title='bbox 1074 2066 1305 2106; x_wconf 66' lang='grc'>11011111101116</span> <span class='ocrx_word' id='word_1_246' title='bbox 1343 2064 1542 2118; x_wconf 64' lang='grc'>(8162*</span> <span class='ocrx_word' id='word_1_247' title='bbox 1575 2064 1617 2105; x_wconf 90' lang='lat' dir='ltr'>Z.</span> <span class='ocrx_word' id='word_1_248' title='bbox 1644 2063 1727 2116; x_wconf 63' lang='lat'>12).</span> 
     </span>
    </p>

    <p class='ocr_par' dir='ltr' id='par_1_4' title="bbox 99 2140 1731 2652">
     <span class='ocr_line' id='line_1_26' title="bbox 241 2140 1729 2193; baseline -0.001 -12"><span class='ocrx_word' id='word_1_249' title='bbox 241 2141 302 2181; x_wconf 88' lang='lat' dir='ltr'>Im</span> <span class='ocrx_word' id='word_1_250' title='bbox 325 2142 571 2193; x_wconf 76' lang='lat' dir='ltr'>Folgenden</span> <span class='ocrx_word' id='word_1_251' title='bbox 592 2143 699 2182; x_wconf 85' lang='lat' dir='ltr'>wird</span> <span class='ocrx_word' id='word_1_252' title='bbox 727 2143 841 2183; x_wconf 90' lang='lat' dir='ltr'>dann</span> <span class='ocrx_word' id='word_1_253' title='bbox 869 2142 926 2182; x_wconf 91' lang='lat' dir='ltr'>im</span> <span class='ocrx_word' id='word_1_254' title='bbox 954 2142 1174 2182; x_wconf 66' lang='lat' dir='ltr'>Anscliluss</span> <span class='ocrx_word' id='word_1_255' title='bbox 1202 2155 1257 2182; x_wconf 91' lang='lat' dir='ltr'>an</span> <span class='ocrx_word' id='word_1_256' title='bbox 1284 2141 1366 2181; x_wconf 86' lang='lat' dir='ltr'>den</span> <span class='ocrx_word' id='word_1_257' title='bbox 1395 2140 1729 2181; x_wconf 84' lang='lat' dir='ltr'>Gilhertschen</span> 
     </span>
     <span class='ocr_line' id='line_1_27' title="bbox 100 2216 1730 2270; baseline -0.002 -13"><span class='ocrx_word' id='word_1_258' title='bbox 100 2216 482 2269; x_wconf 75' lang='lat' dir='ltr'>Sprachgebrauch</span> <span class='ocrx_word' id='word_1_259' title='bbox 528 2219 602 2259; x_wconf 88' lang='lat' dir='ltr'>der</span> <span class='ocrx_word' id='word_1_260' title='bbox 646 2219 928 2259; x_wconf 84' lang='lat' dir='ltr'>Unterschied</span> <span class='ocrx_word' id='word_1_261' title='bbox 973 2231 1057 2258; x_wconf 77' lang='lat' dir='ltr'>von</span> <span class='ocrx_word' id='word_1_262' title='bbox 1105 2217 1389 2270; x_wconf 75' lang='lat' dir='ltr'>proprietates</span> <span class='ocrx_word' id='word_1_263' title='bbox 1434 2229 1644 2269; x_wconf 77' lang='lat' dir='ltr'>personae</span> <span class='ocrx_word' id='word_1_264' title='bbox 1689 2218 1730 2255; x_wconf 92' lang='lat' dir='ltr'>et</span> 
     </span>
     <span class='ocr_line' id='line_1_28' title="bbox 99 2291 1730 2347; baseline -0.001 -14"><span class='ocrx_word' id='word_1_265' title='bbox 99 2296 244 2333; x_wconf 90' lang='lat' dir='ltr'>tamen</span> <span class='ocrx_word' id='word_1_266' title='bbox 285 2307 371 2333; x_wconf 92' lang='lat' dir='ltr'>non</span> <span class='ocrx_word' id='word_1_267' title='bbox 412 2295 660 2346; x_wconf 79' lang='lat' dir='ltr'>personales</span> <span class='ocrx_word' id='word_1_268' title='bbox 703 2295 789 2335; x_wconf 91' lang='lat' dir='ltr'>und</span> <span class='ocrx_word' id='word_1_269' title='bbox 832 2294 1116 2347; x_wconf 86' lang='lat' dir='ltr'>proprietates</span> <span class='ocrx_word' id='word_1_270' title='bbox 1149 2306 1359 2346; x_wconf 85' lang='lat' dir='ltr'>personae</span> <span class='ocrx_word' id='word_1_271' title='bbox 1402 2295 1443 2333; x_wconf 91' lang='lat' dir='ltr'>et</span> <span class='ocrx_word' id='word_1_272' title='bbox 1482 2291 1730 2344; x_wconf 87' lang='lat' dir='ltr'>personales</span> 
     </span>
     <span class='ocr_line' id='line_1_29' title="bbox 100 2368 1730 2422; baseline -0.001 -13"><span class='ocrx_word' id='word_1_273' title='bbox 100 2372 293 2410; x_wconf 78' lang='lat' dir='ltr'>erortert.</span> <span class='ocrx_word' id='word_1_274' title='bbox 345 2370 420 2410; x_wconf 89' lang='lat' dir='ltr'>Die</span> <span class='ocrx_word' id='word_1_275' title='bbox 453 2374 643 2411; x_wconf 88' lang='lat' dir='ltr'>ersteren</span> <span class='ocrx_word' id='word_1_276' title='bbox 676 2371 849 2411; x_wconf 89' lang='lat' dir='ltr'>werden</span> <span class='ocrx_word' id='word_1_277' title='bbox 881 2369 1258 2422; x_wconf 64' lang='lat' dir='ltr'>folgendermaffien</span> <span class='ocrx_word' id='word_1_278' title='bbox 1286 2369 1466 2409; x_wconf 71' lang='lat' dir='ltr'>erklart:</span> <span class='ocrx_word' id='word_1_279' title='bbox 1502 2368 1730 2415; x_wconf 79' lang='lat' dir='ltr'>,Personae</span> 
     </span>
     <span class='ocr_line' id='line_1_30' title="bbox 101 2445 1730 2498; baseline -0.002 -13"><span class='ocrx_word' id='word_1_280' title='bbox 101 2448 142 2485; x_wconf 91' lang='lat' dir='ltr'>et</span> <span class='ocrx_word' id='word_1_281' title='bbox 186 2459 272 2485; x_wconf 92' lang='lat' dir='ltr'>non</span> <span class='ocrx_word' id='word_1_282' title='bbox 317 2447 566 2498; x_wconf 80' lang='lat' dir='ltr'>personalis,</span> <span class='ocrx_word' id='word_1_283' title='bbox 620 2447 740 2487; x_wconf 90' lang='lat' dir='ltr'>sicuti</span> <span class='ocrx_word' id='word_1_284' title='bbox 786 2447 997 2495; x_wconf 74' lang='lat' dir='ltr'>divinitas,</span> <span class='ocrx_word' id='word_1_285' title='bbox 1050 2459 1161 2498; x_wconf 90' lang='lat' dir='ltr'>quae</span> <span class='ocrx_word' id='word_1_286' title='bbox 1207 2445 1398 2486; x_wconf 90' lang='lat' dir='ltr'>omnium</span> <span class='ocrx_word' id='word_1_287' title='bbox 1447 2457 1730 2497; x_wconf 87' lang='lat' dir='ltr'>personarum</span> 
     </span>
     <span class='ocr_line' id='line_1_31' title="bbox 102 2519 1731 2570; baseline -0.002 -9"><span class='ocrx_word' id='word_1_288' title='bbox 102 2522 339 2562; x_wconf 86' lang='lat' dir='ltr'>communis</span> <span class='ocrx_word' id='word_1_289' title='bbox 372 2526 448 2564; x_wconf 90' lang='lat' dir='ltr'>est.</span> <span class='ocrx_word' id='word_1_290' title='bbox 502 2523 618 2563; x_wconf 87' lang='lat' dir='ltr'>Sicut</span> <span class='ocrx_word' id='word_1_291' title='bbox 651 2524 763 2564; x_wconf 90' lang='lat' dir='ltr'>enim</span> <span class='ocrx_word' id='word_1_292' title='bbox 797 2524 1016 2563; x_wconf 73' lang='lat' dir='ltr'>divinitate</span> <span class='ocrx_word' id='word_1_293' title='bbox 1043 2523 1170 2562; x_wconf 84' lang='lat' dir='ltr'>Pater</span> <span class='ocrx_word' id='word_1_294' title='bbox 1203 2525 1266 2562; x_wconf 90' lang='lat' dir='ltr'>est</span> <span class='ocrx_word' id='word_1_295' title='bbox 1294 2521 1421 2570; x_wconf 79' lang='lat' dir='ltr'>Deus,</span> <span class='ocrx_word' id='word_1_296' title='bbox 1456 2520 1514 2560; x_wconf 88' lang='lat' dir='ltr'>ita</span> <span class='ocrx_word' id='word_1_297' title='bbox 1541 2519 1731 2570; x_wconf 74' lang='lat' dir='ltr'>singulae</span> 
     </span>
     <span class='ocr_line' id='line_1_32' title="bbox 101 2595 1730 2652; baseline -0.001 -15"><span class='ocrx_word' id='word_1_298' title='bbox 101 2611 324 2650; x_wconf 88' lang='lat' dir='ltr'>personae.</span> <span class='ocrx_word' id='word_1_299' title='bbox 388 2599 630 2639; x_wconf 84' lang='lat' dir='ltr'>Personalis</span> <span class='ocrx_word' id='word_1_300' title='bbox 663 2600 903 2652; x_wconf 87' lang='lat' dir='ltr'>proprietas</span> <span class='ocrx_word' id='word_1_301' title='bbox 936 2602 1000 2639; x_wconf 82' lang='lat' dir='ltr'>est</span> <span class='ocrx_word' id='word_1_302' title='bbox 1032 2598 1281 2651; x_wconf 80' lang='lat' dir='ltr'>paternitas,</span> <span class='ocrx_word' id='word_1_303' title='bbox 1321 2597 1483 2645; x_wconf 72' lang='lat' dir='ltr'>filiatio,</span> <span class='ocrx_word' id='word_1_304' title='bbox 1523 2595 1730 2636; x_wconf 77' lang='lat' dir='ltr'>connexio</span> 
     </span>
    </p>
   </div>
   <div class='ocr_carea' id='block_1_3' title="bbox 117 2683 631 2694">
    <p class='ocr_par' dir='ltr' id='par_1_5' title="bbox 117 2683 631 2694">
     <span class='ocr_line' id='line_1_33' title="bbox 117 2683 631 2694; baseline 0 0"><span class='ocrx_word' id='word_1_305' title='bbox 117 2683 631 2694; x_wconf 95' lang='lat' dir='ltr'> </span> 
     </span>
    </p>
   </div>
   <div class='ocr_carea' id='block_1_4' title="bbox 104 2722 1731 3121">
    <p class='ocr_par' dir='ltr' id='par_1_6' title="bbox 104 2722 1731 2945">
     <span class='ocr_line' id='line_1_34' title="bbox 245 2722 1731 2767; baseline -0.005 -9"><span class='ocrx_word' id='word_1_306' title='bbox 245 2723 255 2741; x_wconf 89' lang='lat'>¹</span> <span class='ocrx_word' id='word_1_307' title='bbox 282 2726 375 2766; x_wconf 90' lang='lat' dir='ltr'>Opp.</span> <span class='ocrx_word' id='word_1_308' title='bbox 405 2727 559 2758; x_wconf 82' lang='lat' dir='ltr'>Baedae.</span> <span class='ocrx_word' id='word_1_309' title='bbox 617 2727 682 2758; x_wconf 92' lang='lat' dir='ltr'>PL.</span> <span class='ocrx_word' id='word_1_310' title='bbox 712 2728 767 2767; x_wconf 86' lang='lat'>95,</span> <span class='ocrx_word' id='word_1_311' title='bbox 796 2728 860 2757; x_wconf 85' lang='lat'>393</span> <span class='ocrx_word' id='word_1_312' title='bbox 879 2726 925 2758; x_wconf 86' lang='lat' dir='ltr'>C:</span> <span class='ocrx_word' id='word_1_313' title='bbox 973 2726 1148 2765; x_wconf 89' lang='lat' dir='ltr'>,Fuerunt</span> <span class='ocrx_word' id='word_1_314' title='bbox 1174 2724 1271 2755; x_wconf 88' lang='lat' dir='ltr'>enim</span> <span class='ocrx_word' id='word_1_315' title='bbox 1300 2723 1452 2762; x_wconf 82' lang='lat' dir='ltr'>quidam</span> <span class='ocrx_word' id='word_1_316' title='bbox 1484 2722 1731 2762; x_wconf 80' lang='lat' dir='ltr'>ignominiosi,</span> 
     </span>
     <span class='ocr_line' id='line_1_35' title="bbox 105 2781 1730 2824; baseline -0.004 -7"><span class='ocrx_word' id='word_1_317' title='bbox 105 2795 261 2824; x_wconf 87' lang='lat' dir='ltr'>quorum</span> <span class='ocrx_word' id='word_1_318' title='bbox 283 2786 433 2817; x_wconf 82' lang='lat' dir='ltr'>nomina</span> <span class='ocrx_word' id='word_1_319' title='bbox 454 2786 527 2817; x_wconf 85' lang='lat' dir='ltr'>iam</span> <span class='ocrx_word' id='word_1_320' title='bbox 550 2795 656 2817; x_wconf 82' lang='lat' dir='ltr'>aures</span> <span class='ocrx_word' id='word_1_321' title='bbox 676 2786 941 2817; x_wconf 75' lang='lat' dir='ltr'>catholicorum</span> <span class='ocrx_word' id='word_1_322' title='bbox 962 2785 1165 2823; x_wconf 77' lang='lat' dir='ltr'>offendunt,</span> <span class='ocrx_word' id='word_1_323' title='bbox 1194 2783 1269 2822; x_wconf 88' lang='lat' dir='ltr'>qui</span> <span class='ocrx_word' id='word_1_324' title='bbox 1297 2791 1345 2813; x_wconf 88' lang='lat' dir='ltr'>ex</span> <span class='ocrx_word' id='word_1_325' title='bbox 1373 2785 1504 2821; x_wconf 82' lang='lat' dir='ltr'>parte</span> <span class='ocrx_word' id='word_1_326' title='bbox 1530 2781 1730 2812; x_wconf 82' lang='lat' dir='ltr'>subiecti</span> 
     </span>
     <span class='ocr_line' id='line_1_36' title="bbox 104 2841 1731 2882; baseline -0.004 -6"><span class='ocrx_word' id='word_1_327' title='bbox 104 2854 189 2875; x_wconf 93' lang='lat' dir='ltr'>non</span> <span class='ocrx_word' id='word_1_328' title='bbox 216 2846 514 2876; x_wconf 82' lang='lat' dir='ltr'>concederent</span> <span class='ocrx_word' id='word_1_329' title='bbox 540 2855 672 2876; x_wconf 91' lang='lat' dir='ltr'>unum</span> <span class='ocrx_word' id='word_1_330' title='bbox 699 2846 832 2876; x_wconf 90' lang='lat' dir='ltr'>Deum</span> <span class='ocrx_word' id='word_1_331' title='bbox 857 2848 947 2876; x_wconf 86' lang='lat' dir='ltr'>tres</span> <span class='ocrx_word' id='word_1_332' title='bbox 974 2852 1066 2874; x_wconf 88' lang='lat' dir='ltr'>esse</span> <span class='ocrx_word' id='word_1_333' title='bbox 1093 2841 1332 2882; x_wconf 58' lang='lat' dir='ltr'>personas}</span> <span class='ocrx_word' id='word_1_334' title='bbox 1383 2841 1460 2881; x_wconf 80' lang='lat' dir='ltr'>Vgl.</span> <span class='ocrx_word' id='word_1_335' title='bbox 1489 2841 1581 2872; x_wconf 78' lang='lat' dir='ltr'>iiber</span> <span class='ocrx_word' id='word_1_336' title='bbox 1608 2841 1731 2871; x_wconf 88' lang='lat' dir='ltr'>diesen</span> 
     </span>
     <span class='ocr_line' id='line_1_37' title="bbox 105 2903 992 2945; baseline -0.003 -10"><span class='ocrx_word' id='word_1_337' title='bbox 105 2904 246 2943; x_wconf 81' lang='lat' dir='ltr'>Gegner</span> <span class='ocrx_word' id='word_1_338' title='bbox 272 2904 430 2936; x_wconf 86' lang='lat' dir='ltr'>Gilberts</span> <span class='ocrx_word' id='word_1_339' title='bbox 458 2905 593 2945; x_wconf 81' lang='lat' dir='ltr'>Baoh,</span> <span class='ocrx_word' id='word_1_340' title='bbox 622 2916 653 2937; x_wconf 82' lang='grc' dir='ltr'>(ι.</span> <span class='ocrx_word' id='word_1_341' title='bbox 682 2915 713 2937; x_wconf 80' lang='grc' dir='ltr'>(ι.</span> <span class='ocrx_word' id='word_1_342' title='bbox 745 2905 782 2937; x_wconf 83' lang='grc' dir='ltr'>Ο.</span> <span class='ocrx_word' id='word_1_343' title='bbox 811 2904 843 2935; x_wconf 82' lang='grc'>8.</span> <span class='ocrx_word' id='word_1_344' title='bbox 874 2904 936 2933; x_wconf 86' lang='grc'>161</span> <span class='ocrx_word' id='word_1_345' title='bbox 954 2903 992 2933; x_wconf 79' lang='lat' dir='ltr'>ff.</span> 
     </span>
    </p>

    <p class='ocr_par' dir='ltr' id='par_1_7' title="bbox 248 2960 1223 3001">
     <span class='ocr_line' id='line_1_38' title="bbox 248 2960 1223 3001; baseline -0.005 -6"><span class='ocrx_word' id='word_1_346' title='bbox 248 2960 260 2978; x_wconf 69' lang='lat'>²</span> <span class='ocrx_word' id='word_1_347' title='bbox 285 2963 407 2995; x_wconf 78' lang='lat' dir='ltr'>Sermo</span> <span class='ocrx_word' id='word_1_348' title='bbox 434 2965 488 2994; x_wconf 88' lang='grc'>80.</span> <span class='ocrx_word' id='word_1_349' title='bbox 517 2965 554 2995; x_wconf 72' lang='lat' dir='ltr'>in</span> <span class='ocrx_word' id='word_1_350' title='bbox 581 2967 672 2995; x_wconf 71' lang='lat' dir='ltr'>cam.</span> <span class='ocrx_word' id='word_1_351' title='bbox 700 2967 791 2996; x_wconf 75' lang='lat' dir='ltr'>cant.</span> <span class='ocrx_word' id='word_1_352' title='bbox 843 2963 910 2993; x_wconf 88' lang='lat' dir='ltr'>PL.</span> <span class='ocrx_word' id='word_1_353' title='bbox 940 2963 1016 3001; x_wconf 87' lang='lat'>183,</span> <span class='ocrx_word' id='word_1_354' title='bbox 1040 2962 1128 2991; x_wconf 82' lang='lat'>1169</span> <span class='ocrx_word' id='word_1_355' title='bbox 1146 2960 1223 2992; x_wconf 87' lang='lat' dir='ltr'>CD.</span> 
     </span>
    </p>

    <p class='ocr_par' dir='ltr' id='par_1_8' title="bbox 248 3020 613 3063">
     <span class='ocr_line' id='line_1_39' title="bbox 248 3020 613 3063; baseline -0.005 -8"><span class='ocrx_word' id='word_1_356' title='bbox 248 3020 260 3037; x_wconf 74' lang='lat'>³</span> <span class='ocrx_word' id='word_1_357' title='bbox 285 3022 339 3055; x_wconf 83' lang='lat' dir='ltr'>SS</span> <span class='ocrx_word' id='word_1_358' title='bbox 363 3023 391 3063; x_wconf 86' lang='lat'>1,</span> <span class='ocrx_word' id='word_1_359' title='bbox 415 3024 454 3053; x_wconf 88' lang='lat'>11</span> <span class='ocrx_word' id='word_1_360' title='bbox 485 3024 541 3063; x_wconf 84' lang='lat'>(59</span> <span class='ocrx_word' id='word_1_361' title='bbox 560 3024 613 3062; x_wconf 89' lang='grc' dir='ltr'>Β).</span> 
     </span>
    </p>

    <p class='ocr_par' dir='ltr' id='par_1_9' title="bbox 246 3080 750 3121">
     <span class='ocr_line' id='line_1_40' title="bbox 246 3080 750 3121; baseline -0.004 -7"><span class='ocrx_word' id='word_1_362' title='bbox 246 3080 258 3097; x_wconf 76' lang='lat'>⁴</span> <span class='ocrx_word' id='word_1_363' title='bbox 289 3084 331 3114; x_wconf 88' lang='lat' dir='ltr'>A.</span> <span class='ocrx_word' id='word_1_364' title='bbox 359 3093 390 3115; x_wconf 83' lang='grc' dir='ltr'>α.</span> <span class='ocrx_word' id='word_1_365' title='bbox 422 3082 458 3114; x_wconf 89' lang='grc' dir='ltr'>Ο.</span> <span class='ocrx_word' id='word_1_366' title='bbox 485 3091 513 3113; x_wconf 83' lang='lat' dir='ltr'>e.</span> <span class='ocrx_word' id='word_1_367' title='bbox 542 3081 605 3113; x_wconf 90' lang='lat' dir='ltr'>XI.</span> <span class='ocrx_word' id='word_1_368' title='bbox 632 3091 667 3121; x_wconf 90' lang='lat' dir='ltr'>p.</span> <span class='ocrx_word' id='word_1_369' title='bbox 697 3083 750 3112; x_wconf 83' lang='lat'>68.</span> 
     </span>
    </p>
   </div>
  </div>
 </body>
</html>
