2106 3453
269 1069 300 1093 10

268 1446 299 1471 15

266 1824 299 1848 20

323 230 390 267 74⁴?
918 235 1123 270 Sententiae
1149 237 1361 273 divinitatis.

321 338 453 377 tatem
489 336 660 378 deitatis
687 336 728 377 in
763 351 806 378 se
839 339 1026 391 reperire
1060 338 1221 391 debuit,
1262 344 1307 382 ut
1348 343 1448 394 quia
1488 345 1704 397 corruptio
1744 347 1947 399 multipli-

322 411 509 463 citatem,
544 414 619 454 sed
652 426 784 454 unum
820 415 953 456 Deum
990 416 1099 457 ratio
1132 416 1438 459 incarnationis
1473 420 1803 463 demonstraret.
1867 424 1948 464 De-

323 487 451 540 nique
483 488 641 530 iuliae
673 502 718 531 re
750 490 833 532 alia
867 492 1108 533 ostenditur
1141 506 1271 534 causa
1304 494 1370 535 vel
1403 496 1642 548 exponitur.
1708 498 1807 539 Ideo
1837 500 1948 540 enim

322 563 375 604 de
402 564 565 615 virgine
598 567 640 605 et
666 565 707 606 in
736 566 897 618 virgine
925 568 1138 610 incarnari
1176 569 1323 620 voluit,
1358 570 1573 614 incarnari
1600 572 1760 624 debuit,
1794 577 1841 615 ut
1867 575 1949 626 sig-

323 653 423 680 num
472 642 596 688 esset,
648 642 765 694 quod
816 643 1038 684 ecclesiam
1085 644 1163 685 sibi
1209 646 1412 697 virginem
1460 648 1707 700 associaret,
1759 650 1812 691 de
1864 664 1949 703 qua

324 715 627 768 Apostolus:
664 718 878 771 Despondi
909 720 1016 759 enim
1048 733 1115 760 vos
1150 721 1221 760 emi
1257 722 1341 761 viro
1375 722 1453 775 (II.
1493 724 1586 765 Cor.
1623 724 1765 778 11,2).

462 826 788 879 Consequenter
856 829 1142 881 quaeritur,
1207 832 1410 884 quando
1456 833 1615 874 fuerit
1660 839 1950 888 conceptus.

323 901 429 943 Hinc
463 902 599 944 Beda
633 917 785 956 super
816 906 998 947 Lucam
1043 907 1200 948 sentire
1243 907 1460 950 videtur1:
1502 909 1586 953 *Hic
1628 912 1775 951 mensis
1807 916 1952 967 ,sextas

327 982 383 1029 est
414 964 489 1030 illi,
523 993 625 1032 quae
660 984 824 1020 vocatur
855 982 1005 1041 sterilis
1038 982 1156 1036 (Lac.
1194 983 1334 1037 1,36·).
1400 985 1590 1035 ,Sextum
1621 986 1813 1029 mensem
1842 989 1952 1029 Mar-

321 1053 426 1094 tium
451 1054 658 1102 debemus
674 1056 918 1108 intelligere,
941 1057 983 1098 in
1000 1058 1119 1104 cuius
1134 1059 1339 1111 vigesimo
1355 1059 1506 1112 quinto
1527 1061 1594 1103 die
1609 1062 1774 1115 concipi
1790 1049 1951 1105 {voluit}

462 1130 586 1171 Item
633 1120 921 1183 quaeritur,
979 1134 1019 1174 si
1064 1133 1218 1176 fuerit
1263 1139 1546 1188 conceptus
1591 1141 1709 1179 ante
1757 1139 1951 1180 saluta-

322 1204 510 1247 tionem
545 1207 622 1248 vel
661 1211 777 1260 post
811 1209 889 1249 vel
932 1209 980 1250 in
1022 1210 1145 1262 ipsa.
1211 1210 1505 1263 Gregorius:
1550 1213 1734 1263 Quando
1777 1214 1953 1266 angelus

320 1281 443 1324 dixit:
481 1283 865 1336 Spiritus'semotas
896 1288 1151 1340 superveniet
1182 1288 1227 1327 in
1260 1292 1295 1328 te
1321 1290 1400 1329 etc.
1436 1289 1555 1343 (Luc.
1586 1290 1728 1344 ],‚35)‚
1776 1301 1954 1344 respon-

320 1358 399 1399 dit:
435 1359 535 1399 Ecce
567 1361 719 1400 (ancilla
753 1361 937 1413 Domini,
969 1362 1044 1415 siat
1076 1362 1177 1403 mihi
1207 1364 1426 1404 Secundum
1471 1365 1631 1405 verbum
1671 1371 1786 1406 tecum
1834 1367 1952 1420 (Luc.

323 1435 465 1488 1,38),
505 1436 651 1477 statim
691 1436 875 1489 Spiritus
914 1441 1087 1480 sanctus
1130 1440 1309 1492 replevit
1355 1454 1449 1481 eam
1490 1443 1531 1482 et
1576 1443 1792 1495 concepit;
1838 1444 1954 1485 unde

318 1523 394 1562 per
427 1524 552 1552 aures
587 1513 831 1564 concepisse
865 1513 1030 1568 dicitur,
1066 1514 1107 1555 id
1136 1518 1199 1556 est.
1232 1529 1306 1568 per
1340 1516 1470 1558 verba
1505 1530 1608 1558 aure
1642 1522 1893 1571 concepta2.

461 1588 587 1628 Item
640 1590 927 1641 quaeritur,
983 1591 1021 1631 si
1074 1591 1221 1632 homo
1273 1594 1503 1645 coeperit
1558 1607 1667 1635 esse
1723 1595 1853 1636 Deus
1908 1599 1955 1637 et

320 1663 477 1704 Filius
511 1664 617 1714 Dei,
663 1665 764 1717 quia
804 1666 905 1707 dicit
951 1667 1311 1721 Hieronymus:
1358 1669 1465 1710 Cum
1513 1671 1626 1711 Deus
1671 1672 1812 1724 coepit
1859 1685 1952 1717 esse

321 1738 464 1789 homo,
501 1743 542 1781 et
574 1741 704 1782 homo
738 1742 877 1795 coepit
911 1756 1003 1784 esse
1029 1743 1155 1794 Deus,
1190 1744 1248 1785 sic
1274 1745 1354 1787 hoc
1381 1746 1647 1787 conceditur:
1683 1747 1792 1788 Cum
1821 1745 1952 1789 homo

320 1815 389 1856 ille
431 1816 484 1857 sit
528 1817 640 1858 Deus
681 1820 722 1858 et
763 1819 817 1859 sit
858 1819 1061 1870 Verbum,
1104 1823 1146 1862 et
1188 1822 1300 1862 Deus
1343 1823 1484 1875 coepit
1527 1836 1618 1864 esse
1664 1824 1789 1865 Deus.
1854 1824 1950 1865 Non

319 1891 431 1932 enirn
467 1892 519 1932 de
553 1893 636 1933 alio
671 1893 766 1935 dico
800 1894 1050 1937 dicendum:
1096 1896 1238 1937 Homo
1271 1897 1413 1950 coepit
1446 1889 1698 1949 essemus,
1734 1912 1866 1952 quam
1901 1901 1955 1941 de

322 1968 421 2026 Deo.
486 1968 612 2018 Quod
656 1970 829 2022 quidem
876 1984 1025 2012 verum
1065 1975 1148 2021 est;
1195 1986 1280 2014 non
1326 1975 1473 2015 tamen
1519 1975 1754 2017 concedam
1789 1976 1953 2027 frivolo,

319 2044 436 2096 quod
479 2044 607 2085 Filius
653 2045 725 2087 Dei
760 2047 824 2087 vel
861 2047 973 2088 Deus
1017 2049 1158 2101 coepit
1204 2062 1296 2090 esse
1330 2050 1457 2099 Deus,
1499 2050 1599 2103 quia
1644 2051 1687 2091 in
1731 2052 1861 2104 priori
1906 2053 1956 2093 fit

322 2121 517 2172 specialis
556 2122 808 2174 suppositio,
850 2136 960 2175 quae
999 2124 1033 2164 si
1078 2124 1312 2174 auferatur,
1359 2126 1514 2169 desinit
1558 2127 1679 2168 reddi
1724 2128 1955 2180 praedica-

268 2208 290 2232 -2
322 2199 514 2237 mentum
561 2198 595 2238 ei
641 2199 706 2239 cui
750 2198 943 2242 debetur.
1022 2200 1246 2250 Quaedam
1287 2202 1400 2243 enim
1444 2202 1795 2254 praedicamenta
1838 2218 1954 2257 spe-

320 2272 496 2314 cialem
532 2274 639 2315 sive
670 2274 930 2325 legantem
958 2275 1119 2317 habent
1147 2276 1545 2327 subiectionem,
1581 2277 1954 2334 quaedamivaga

320 2348 641 2390 subiectione
694 2353 908 2394 tenentur.
986 2352 1060 2394 Illa
1106 2353 1320 2405 speciali
1365 2353 1689 2396 subiectione
1735 2357 1953 2406 tenentur,

320 2438 431 2477 quae
464 2426 551 2466 suis
584 2426 786 2467 subiectis
819 2427 1057 2470 adventare
1090 2418 1175 2469 non
1213 2432 1409 2481 possunt,
1443 2430 1523 2471 nisi
1556 2424 1632 2471 fiat
1666 2445 1716 2472 ea
1743 2432 1954 2484 qualitate

319 2500 540 2551 subiectiO,
584 2502 651 2543 cui
690 2502 783 2555 ipsa
824 2503 1050 2555 debentur,
1098 2507 1145 2545 ut
1187 2505 1352 2556 relatio,
1393 2506 1690 2548 contrarietas
1755 2507 1798 2548 Si
1842 2508 1955 2549 enim

467 2622 479 2654 l
511 2619 689 2663 corruptio
731 2622 882 2663 st·›·z.',u›.s·z';
920 2621 958 2652 ut
996 2620 1211 2664 corruptioni
1255 2632 1322 2653 non
1368 2620 1599 2664 multiplicem
1636 2621 1698 2655 sed
1733 2625 1762 2654 A
1800 2623 1838 2655 ut
1874 2621 1955 2665 quia

321 2679 583 2724 corruptionib'.
682 2680 703 2711 4
730 2678 907 2712 incarnari
928 2675 1042 2713 voluit
1062 2692 1126 2714 em.
1144 2681 1183 2712 Β.
1284 2681 1304 2713 5
1331 2680 1436 2724 quod]
1465 2692 1533 2724 quo
1552 2683 1593 2714 Α.
1726 2681 1766 2714 12
1801 2680 1954 2725 quando]

322 2740 486 2784 quoniam
506 2741 546 2773 A.
643 2738 688 2771 22
715 2737 842 2771 frivolo
868 2741 1020 2781 301752232'7·
1044 2738 1074 2772 si
1102 2739 1181 2772 volo
1202 2742 1230 2772 A
1247 2741 1289 2773 B.
1387 2739 1432 2772 26
1458 2739 1714 2774 subiectionem
1731 2743 1760 2774 Α
1786 2743 1822 2774 in
1842 2753 1954 2783 mat-y.

319 2798 622 2844 supponereAB.
719 2797 764 2831 29
791 2797 940 2831 debetur
966 2800 1009 2831 A.

441 2900 449 2918 ¹
481 2901 608 2940 Beda,
648 2903 690 2934 Iu
728 2903 847 2934 Lucae
890 2913 1008 2945 enemy.
1057 2912 1173 2944 expos.
1219 2900 1256 2935 L.
1292 2901 1316 2936 Ι.
1355 2901 1434 2941 (PL.
1448 2901 1512 2949 ἱ92,
1534 2901 1601 2936 316
1624 2905 1654 2936 A
1679 2902 1740 2945 B):
1797 2902 1955 2936 Mensem

319 2962 439 2995 autem
460 2962 613 3000 sextum,
642 2960 809 2993 Martium
829 2959 1002 3001 intellige,
1031 2960 1131 2994 cuius
1157 2960 1326 2994 vicesimo
1347 2962 1384 2994 et
1409 2960 1532 3008 quinto
1561 2961 1618 2994 die
1640 2961 1813 2996 Dominus
1833 2963 1957 2996 noster

321 3022 356 3054 et
381 3021 576 3064 conceptus
601 3019 755 3052 traditur
781 3021 816 3052 et
842 3030 981 3063 passus.

464 3077 476 3095 ²¹
502 3078 553 3112 De.
581 3078 647 3111 hac
667 3078 846 3112 sententia
875 3078 920 3112 cf,
949 3078 1288 3119 Bal'denhewer,
1316 3081 1441 3113 Marici
1468 3081 1761 3125 Vei-lct'lndiyungy,
1782 3080 1955 3124 Freiburg

324 3138 422 3179 1905,
450 3150 483 3182 p.
515 3138 579 3172 169
606 3149 686 3182 sqq.
