2106 3453
289 230 480 265 Tractatus
506 232 549 265 ΙΙ,
601 231 652 265 De
679 232 859 266 creatione
887 231 989 276 primi
1017 230 1172 266 hominis
1199 234 1235 266 et
1261 232 1302 266 de
1328 233 1439 267 libero
1466 233 1624 269 arbitrio.
1699 235 1769 269 25⁴*

135 333 443 385 Apostolus:
478 335 534 375 Et
573 336 662 389 ipsa
696 339 887 375 ereatura
920 335 1162 375 liberabitur
1195 350 1218 375 a
1251 337 1441 376 servitute
1480 338 1769 391 corruptionis,

136 410 304 450 tendens
336 412 381 450 in
414 411 638 452 libertatem
669 412 852 464 filioreme
884 412 965 452 Dei
998 411 1132 465 (Rom.
1167 413 1207 464 8,
1225 412 1313 466 21),
1357 414 1474 465 quod
1508 414 1599 464 erit,
1634 428 1770 467 quau-

137 486 192 535 do
238 487 318 528 boc
360 488 542 529 mortale
581 488 767 529 induerit
806 489 1187 530 immortalitatem.
1263 489 1313 530 Et
1354 490 1435 531 hac
1479 490 1627 543 utique
1668 490 1771 533 libe-

135 576 229 603 rum
263 577 350 605 non
385 567 460 606 est.
486 591 538 593 —
573 566 646 606 Est
680 562 809 606 etiam
842 565 969 607 tertia
991 566 1180 615 libertas,
1214 579 1343 618 quam
1379 567 1519 608 dicere
1539 581 1769 620 possumus

136 639 430 683 libertatem
465 656 490 683 a
522 643 850 693 necessitate,
880 656 929 684 eo
963 644 1077 696 quod
1109 644 1396 684 necessarium
1428 645 1639 686 voluntati
1671 659 1770 687 con-

135 719 313 761 trarium
358 733 451 760 esse
495 720 703 770 videatur,
747 720 959 773 siquidem
1008 734 1104 761 cum
1139 721 1429 762 necessarium
1464 722 1531 772 sit,
1567 722 1648 762 iam
1685 736 1771 763 non

137 798 200 837 est
233 810 282 838 ex
319 797 555 847 voluntate,
591 801 631 838 et
667 811 689 838 e
721 811 943 839 converso.
1009 798 1110 839 Sola
1149 798 1230 839 hac
1263 798 1460 840 libertate
1493 786 1674 840 liberum
1709 800 1770 840 di-

137 874 258 915 citur.
324 873 477 915 Libera
510 874 621 914 enim
657 875 857 916 voluntas
890 888 975 915 non
1017 875 1321 926 constringitur
1363 876 1506 928 aliqua
1548 876 1772 918 coactione

136 951 202 992 vel
248 951 516 992 necessitate.
593 952 719 993 Liber
764 952 876 992 enim
922 952 1026 1002 vult,
1079 952 1195 1004 quod
1243 953 1343 994 vult..
1420 953 1545 994 Nulla
1592 955 1771 1005 coactio,

136 1028 254 1069 nulla
308 1029 555 1079 necessitas,
608 1029 681 1069 ubi
732 1029 941 1070 libertatis
986 1029 1200 1071 voluntas.
1277 1030 1395 1071 Sicut
1440 1031 1640 1073 voluntas
1685 1045 1771 1072 non

138 1106 282 1157 potest
315 1118 460 1146 carere
493 1118 538 1146 se
570 1105 677 1158 ipsa,
712 1109 759 1146 ut
794 1106 851 1147 ita
884 1105 1039 1155 dicam,
1082 1106 1141 1147 ita
1176 1119 1252 1147 nec
1286 1107 1483 1149 libertate
1516 1121 1661 1149 carere
1694 1122 1771 1161 po-

137 1183 268 1223 testl.
360 1182 503 1223 Unam
556 1182 668 1224 hanc
718 1182 870 1223 ultimo
924 1183 1017 1224 loco
1072 1183 1259 1235 positam
1314 1185 1493 1225 contulit
1547 1186 1671 1226 nobis
1730 1187 1770 1227 in

137 1260 355 1301 creatione
398 1262 547 1302 nostra
561 1263 587 1301 2.
646 1261 690 1300 In
734 1261 872 1313 prima
912 1263 1208 1302 restauramur
1237 1275 1263 1302 a
1289 1262 1440 1313 gratia,
1474 1263 1617 1304 media
1650 1264 1772 1304 nobis

137 1339 381 1379 reservatur
424 1337 465 1377 in
516 1337 671 1389 patria.
744 1338 916 1379 Prima3
948 1341 1144 1387 naturae,
1190 1339 1379 1379 secunda
1413 1340 1590 1391 gratiae,
1647 1341 1773 1382 tertia

136 1413 308 1465 gloriae.
372 1413 517 1454 Prima
556 1414 732 1455 libertas
774 1414 956 1454 multum
1001 1414 1132 1455 habet
1175 1414 1363 1466 honoris,
1408 1417 1597 1458 secunda
1642 1418 1774 1469 pluri-

137 1504 254 1531 mum
309 1483 491 1541 virtutis,
543 1491 777 1532 novissima
830 1492 1047 1532 cumulum
1102 1492 1391 1534 iucunditatis.
1462 1494 1543 1535 Per
1586 1494 1771 1547 primam

138 1567 297 1608 conditi
342 1568 496 1608 nobilis
538 1581 688 1609 sumus
729 1569 815 1609 Deo
857 1571 1067 1610 creatura.
1143 1570 1297 1621 Magna
1336 1571 1547 1623 siquidem
1588 1571 1773 1623 dignitas

136 1649 267 1696 atque
309 1645 524 1695 nobilitas,
559 1647 605 1686 ut
637 1645 678 1685 in
712 1647 833 1686 tanta
878 1649 1097 1687 crearetur
1128 1647 1352 1688 nobilitate
1384 1648 1449 1689 vel
1483 1648 1694 1699 libertate,
1728 1652 1775 1690 ut

32 1741 50 1765 f.
71 1741 114 1766 84.
135 1723 267 1764 libere
288 1723 396 1764 velie
417 1723 580 1763 bonum
602 1723 668 1764 vel
691 1723 852 1763 malum
874 1726 1033 1775 posset,
1050 1737 1128 1765 nec
1149 1724 1293 1776 aliquo
1316 1726 1446 1766 modo
1475 1728 1478 1777 Ι
1511 1727 1775 1778 constringe-

136 1802 254 1841 retur
295 1800 350 1841 ad
386 1800 614 1841 volendum
656 1800 769 1840 istud
809 1800 874 1841 vel
914 1800 1031 1841 illud.
1096 1801 1178 1842 Per
1217 1803 1451 1843 secundam
1486 1803 1775 1845 reformamur

137 1891 251 1919 nova
280 1878 322 1918 in
345 1877 514 1918 Christo
547 1881 756 1919 creatura.
821 1878 1096 1923 Pertertiam
1125 1880 1527 1921 consummabimur
1552 1882 1593 1922 in
1623 1882 1772 1934 gloria.

138 1955 220 1996 Per
260 1954 443 2007 primam
484 1954 635 1996 ceteris
680 1956 973 1996 animantibus
1018 1957 1149 1997 homo
1196 1958 1449 2009 praefertur,
1506 1972 1583 2011 per
1624 1973 1774 2000 secun—

138 2031 239 2074 dam
281 2045 381 2073 caro
420 2031 584 2084 spiritui
628 2032 847 2082 subicitur,
893 2046 969 2085 per
1010 2034 1182 2074 tertiam
1228 2048 1346 2075 mors
1391 2035 1432 2075 in
1476 2036 1654 2077 victoria
1700 2036 1774 2077 de-

280 2146 299 2180 3
319 2143 398 2187 hac]
418 2146 485 2180 hoc
497 2148 539 2180 24.
616 2146 635 2180 5
655 2147 895 2180 necessarium
911 2159 963 2180 om
982 2149 1023 2180 Β.
1098 2148 1117 2181 6
1139 2147 1330 2192 siquidem]
1345 2149 1507 2193 sequitur
1520 2153 1562 2185 A.
1639 2151 1656 2183 7
1679 2150 1773 2194 Sola]

138 2205 304 2239 similiter
324 2207 365 2240 B.
496 2206 537 2239 12
564 2206 689 2239 harum
716 2217 822 2239 unam
840 2207 880 2240 Β.
1006 2208 1046 2241 17
1074 2206 1221 2250 conditi]
1249 2208 1486 2242 conditionem
1504 2211 1546 2243 A.
1668 2209 1774 2253 siqui-

139 2265 231 2308 dem]
286 2265 447 2309 sequitur
474 2268 517 2299 A.
631 2265 672 2299 18
717 2277 920 2299 crearemur
947 2267 989 2300 Α.
1112 2267 1152 2300 19
1197 2269 1321 2311 posset
1365 2271 1516 2311 stet-ips&
1559 2280 1623 2303 om.
1672 2272 1702 2302 A
1735 2272 1776 2306 B.

141 2324 278 2359 19—20
304 2324 543 2368 corrigeretur
565 2326 606 2359 Β.
716 2325 760 2358 22
788 2325 1003 2359 animalibus
1022 2328 1063 2361 B.

285 2427 295 2444 ¹
320 2428 442 2463 Bern.
470 2427 508 2461 L.
536 2440 564 2462 c.
592 2439 668 2472 cap.
696 2429 738 2464 Il.
768 2441 799 2463 n.
829 2429 859 2464 5.
888 2431 932 2472 (p.
965 2429 1054 2463 1004
1072 2430 1131 2471 (J):
1173 2429 1259 2463 Tam
1288 2442 1372 2473 ergo
1399 2442 1469 2464 non
1495 2433 1615 2475 potest
1641 2432 1775 2476 privari

140 2489 212 2530 illa,
239 2501 345 2533 quam
372 2501 437 2525 nec
464 2488 594 2533 Seipsa.

282 2550 295 2568 ‘2
320 2551 442 2585 Bern.
478 2551 515 2585 L.
553 2562 581 2583 c.
618 2561 694 2594 cap.
730 2549 791 2582 ΙΙΙ.
818 2561 850 2582 n.
886 2550 916 2584 7.
945 2553 989 2593 (p.
1021 2549 1110 2582 1005
1145 2551 1177 2583 B
1204 2551 1289 2593 sq.):
1430 2550 1522 2584 hanc
1548 2551 1673 2585 ultimo
1700 2551 1777 2585 loco

140 2610 293 2655 positam
320 2609 471 2645 contulit
496 2609 597 2643 nobis
623 2609 657 2642 in
685 2608 886 2642 conditione
916 2612 1053 2647 natura,
1089 2609 1123 2642 in
1150 2609 1301 2653 primam
1327 2611 1573 2643 restauramur
1599 2621 1619 2643 a
1646 2610 1776 2654 gratia,

141 2669 257 2704 media
283 2670 384 2704 nobis
418 2671 624 2703 reservatur
660 2668 695 2702 in
721 2668 847 2712 patria.
899 2667 1047 2701 Dicatur
1075 2668 1184 2710 igitur
1211 2668 1325 2711 prima
1351 2668 1499 2702 libertas
1526 2673 1692 2712 naturae,
1727 2681 1778 2703 se-

141 2729 256 2762 cunda
290 2729 445 2773 gratiae;
491 2728 601 2762 tertia
644 2727 740 2761 vitae
776 2727 833 2760 vel
870 2726 1015 2770 gloriae.
1081 2726 1200 2760 Primo
1235 2739 1362 2771 nempe
1398 2728 1433 2761 in
1469 2727 1617 2762 liberam
1658 2729 1777 2762 volun-

141 2790 251 2821 tatem
280 2800 320 2822 ac
346 2788 582 2822 voluntariam
612 2787 817 2821 libertatem
843 2786 976 2820 conditi
997 2798 1131 2826 sumus,
1160 2786 1291 2821 nobilis
1311 2786 1385 2821 Deo
1411 2789 1593 2821 creatura:
1622 2788 1778 2821 secundo

141 2848 377 2884 reformamur
412 2848 447 2881 in
482 2847 721 2881 innocentiam
748 2858 841 2879 nova
876 2846 911 2879 in
949 2845 1090 2879 Christo
1126 2848 1306 2881 creatura:
1346 2847 1453 2880 tertio
1480 2846 1716 2880 sublimamur
1743 2847 1777 2880 in

143 2907 302 2950 gloriam,
336 2908 496 2951 perfecta
529 2906 563 2939 in
590 2906 717 2950 spiritu
745 2907 917 2939 creatura.
970 2905 1091 2938 Prima
1124 2917 1208 2948 ergo
1234 2905 1383 2939 libertas
1408 2905 1517 2939 habet
1544 2905 1694 2939 multum
1721 2906 1778 2939 ho-

142 2966 253 3005 noris;
295 2966 451 3000 secunda
486 2966 677 3010 plurimum
719 2964 828 2998 etiam
870 2964 1030 3004 virtutis;
1078 2964 1274 2998 novissima
1310 2965 1490 2998 cumulum
1531 2965 1778 2999 iucunditatis.

142 3025 197 3058 Ex
233 3025 347 3070 prima
385 3025 515 3070 quippe
551 3026 778 3069 praestamus
811 3018 944 3057 ceteris
978 3023 1237 3067 animantibus;
1277 3023 1311 3057 in
1339 3024 1495 3058 secunda
1531 3036 1686 3065 carnem,
1714 3036 1777 3068 per

142 3085 284 3120 tertiam
313 3088 461 3119 mortem
489 3085 683 3119 subicimus
699 3112 706 3119 .
724 3113 730 3119 .
747 3111 754 3117 .

287 3144 299 3162 3
325 3144 420 3179 Cave
442 3157 484 3179 ne
504 3144 597 3180 hunc
617 3144 775 3178 ordinem
796 3143 903 3178 trium
925 3144 1129 3179 libertatum
1151 3155 1230 3178 cum
1254 3144 1371 3190 priore
1392 3144 1605 3189 confundas3
1628 3145 1672 3179 cf.
1696 3156 1729 3181 n.
1746 3144 1777 3181 2,

1795 1046 1827 1070 10

1797 1436 1828 1461 15

1795 1822 1828 1846 20
