2106 3453
358 216 405 251 46
952 216 1158 250 Sententiae
1185 216 1399 250 divinitatis.

361 321 549 361 ausseren
586 320 934 372 Manifestierung
972 320 1047 360 der
1079 320 1397 372 Nachlassung:
1446 321 1612 370 ‚Dicunt
1645 320 1834 374 quidam,
1875 318 1992 372 quod

358 397 600 438 necessaria
638 400 702 437 est
740 397 824 437 oris
857 397 1079 447 confessio,
1123 411 1210 437 non
1252 397 1368 450 quod
1410 398 1447 438 ei
1488 400 1666 450 peccata
1707 397 1989 445 dimittantur⁷

359 475 434 515 sed
467 474 642 514 dimissa
674 487 767 514 esse
800 474 1103 521 ostendantur;
1139 474 1313 527 quando
1346 474 1539 515 videmus
1568 475 1754 527 aliquem
1784 472 1989 521 confiteri,

358 551 629 602 intelligimus
674 553 851 603 peccata
896 537 974 591 51131
1018 551 1184 592 (111111111.
1261 551 1462 592 Similiter
1511 551 1711 591 sacerdos
1757 549 1882 590 solvit
1925 548 1991 588 vel

358 628 460 679 ligat
494 628 694 680 aliquem,
728 627 770 667 id
803 630 867 667 est
894 627 1082 667 solutum
1108 628 1175 668 vel
1202 628 1380 679 ligatum
1407 628 1604 668 ostendit‘
1642 627 1701 681 (S.
1729 627 1840 667 146*
1867 627 1909 668 Z.
1933 627 1990 677 S).

358 705 455 745 Dies
482 704 536 744 ist
563 704 629 744 die
655 704 835 744 Ansicht
862 704 936 744 des
963 704 1084 756 Mag.
1109 704 1374 745 Rolandus
1392 705 1419 754 1,
1454 705 1521 745 (116
1554 705 1663 745 auch
1696 718 1780 744 von
1809 704 1992 744 Petrus

358 782 679 822 Lombardus
697 783 712 807 2
744 781 941 822 erwahnt
972 781 1091 822 wird.

499 858 575 899 Die
608 858 755 899 zweite
783 858 1043 898 ausfi'ihrlich
1071 859 1342 910 dargestellte
1369 859 1548 899 Ansicht
1574 859 1628 899 ist
1654 859 1720 898 die
1748 858 1821 898 des
1848 857 1992 909 Hugo

357 949 454 976 von
482 936 549 977 St.
578 935 746 975 Viktor
777 935 820 976 in
857 935 937 988 ,De
968 936 1250 976 sacrmenti&
1267 937 1282 961 3
1316 936 1405 976 und
1438 936 1504 976 die
1537 936 1611 976 des
1644 935 1885 976 Verfassers
1919 934 1994 974 der

365 1013 472 1054 SS4.
535 1013 659 1053 Diese
691 1013 887 1053 Autoren
919 1013 1248 1054 unterscheiden
1282 1013 1351 1054 bei
1384 1014 1458 1054 der
1492 1013 1636 1054 Si'mde
1669 1013 1736 1053 ein
1769 1012 1992 1064 doppeltes

358 1090 595 1139 vinculum„
623 1090 810 1130 namlich
843 1090 910 1130 die
943 1090 1185 1130 excaecatio
1219 1091 1372 1131 mentis
1405 1091 1494 1131 und
1527 1091 1603 1131 das
1636 1090 1827 1130 debitum
1855 1092 1992 1129 aeter-

356 1181 438 1208 nae
470 1180 649 1220 poenae.
712 1166 798 1207 Das
831 1169 942 1207 erste
974 1167 1191 1207 vinculum
1224 1167 1331 1207 wird
1362 1167 1557 1218 beseitigt
1590 1167 1723 1207 durch
1757 1167 1823 1206 die
1856 1166 1990 1215 Reue,

359 1245 436 1285 das
460 1244 608 1284 zweite
628 1257 709 1283 nur
730 1243 864 1283 durch
883 1243 949 1283 die
964 1243 1253 1296 priesterliche
1268 1244 1607 1296 Lossprechung.
1638 1243 1694 1284 So
1717 1244 1859 1284 werde
1883 1244 1991 1283 auch

357 1321 435 1362 der
467 1321 787 1373 priesterlichen
821 1321 999 1371 Gewalt,
1035 1321 1101 1361 die
1134 1321 1209 1361 der
1240 1321 1350 1361 Herr
1378 1322 1424 1370 ja
1455 1321 1641 1361 feierlich
1674 1321 1755 1361 den
1783 1321 1992 1373 Aposteln

357 1399 617 1449 iibertragen
649 1398 775 1448 habe,
809 1398 874 1437 ihr
900 1398 1039 1438 Recht
1072 1398 1277 1449 gewahrt.
1343 1398 1550 1447 ‚Qualiter
1575 1398 1688 1438 Deus
1721 1401 1898 1450 peccata
1931 1398 1992 1438 di-

357 1476 502 1515 mittat
534 1477 576 1515 et
610 1475 793 1527 qualiter
825 1475 1025 1515 sacerdos
1059 1478 1100 1515 et
1133 1475 1352 1528 quomodo
1385 1475 1706 1526 intelligendum
1740 1475 1805 1525 sit,
1847 1475 1992 1515 videa-

357 1566 466 1594 mus.
531 1552 616 1592 Sed
650 1552 704 1592 ad
736 1552 817 1592 hoc
851 1552 1072 1592 sciendum
1104 1552 1243 1604 primo
1276 1552 1508 1592 videndum
1542 1555 1618 1602 651,
1662 1552 1779 1605 quod
1817 1553 1991 1605 quando

355 1629 486 1669 homo
520 1629 651 1669 resilit
684 1642 709 1669 a
741 1629 877 1681 gratia
909 1629 987 1669 Dei
1019 1630 1237 1682 peccando
1271 1630 1557 1679 criminaliter.
1592 1629 1749 1681 duplex
1774 1629 1991 1670 vinculum

356 1706 531 1746 incurrit
569 1708 611 1746 et
649 1706 863 1758 duplicem
900 1719 1100 1758 poenam.
1164 1706 1356 1746 Primum
1394 1707 1610 1747 vinculum
1652 1709 1716 1747 est
1748 1706 1990 1747 excaecatio

356 1783 523 1833 111611115,
567 1783 804 1823 secundum
845 1783 1063 1823 vinculum
1106 1783 1298 1824 debitum
1340 1786 1540 1824 aeternae
1582 1784 1883 1824 damnationis.
1953 1784 1991 1823 A

356 1860 494 1912 primo
527 1860 696 1900 vinculo
730 1860 883 1900 liberat
915 1873 1015 1900 eum
1041 1860 1168 1910 Deus7
1204 1873 1301 1900 cum
1333 1873 1409 1912 per
1439 1860 1620 1912 gratiam
1654 1860 1865 1901 illuminat
1891 1874 1990 1901 eum

356 1937 488 1977 menti
521 1937 610 1977 eius
644 1937 699 1977 ad
731 1937 989 1977 memorium
1023 1937 1266 1977 reducendo
1294 1939 1470 1989 peccata
1503 1950 1614 1989 quae
1650 1937 1874 1978 commisit.
1940 1937 1991 1977 Et

355 2013 436 2054 hoc
481 2014 611 2054 modo
658 2014 810 2054 dicitur
853 2016 1031 2066 peccata
1076 2014 1288 2054 dimittere
1339 2014 1600 2054 removendo
1652 2015 1852 2055 tenebras
1897 2013 1990 2054 illas

357 2104 468 2143 quae
501 2091 640 2143 primo
675 2093 797 2131 erant
829 2090 871 2130 in
905 2090 1045 2136 corde,
1080 2091 1203 2142 quasi
1234 2090 1394 2131 ferrum
1428 2091 1479 2130 de
1512 2091 1686 2131 vulnere
1714 2092 1989 2133 removendO.

356 2167 441 2207 Sed
474 2167 613 2208 adhuc
646 2170 841 2208 remanet
872 2167 1040 2215 vulnus.
1076 2167 1267 2207 debitum
1302 2170 1502 2208 aeternae
1535 2167 1836 2209 damnationis.
1900 2169 1990 2208 Ad-

355 2244 437 2284 huc
470 2244 624 2295 ligatus
657 2247 721 2284 est
754 2244 897 2285 debito
930 2244 1000 2285 illo
1034 2247 1075 2285 et
1101 2258 1188 2285 non
1214 2247 1356 2296 potest
1382 2244 1501 2295 solvi,
1529 2245 1609 2285 nisi
1636 2245 1892 2286 confiteatur
1919 2259 1988 2286 sa-

355 2321 528 2371 cerdoti,
564 2321 639 2361 sed
670 2324 769 2373 post
801 2321 1112 2362 confessionem
1146 2321 1290 2361 statim
1324 2321 1488 2361 solutus
1522 2324 1598 2371 651,
1634 2322 1735 2374 quia
1766 2322 1880 2362 Deus
1913 2336 1990 2375 per

355 2398 623 2439 sacerdotem
655 2398 897 2438 ministrum
931 2399 1056 2439 solvit
1088 2411 1199 2448 eum,
1234 2401 1275 2439 61
1307 2398 1388 2438 1100
1420 2399 1550 2439 1110(10
1584 2399 1784 2439 sacerdos
1818 2399 1990 2440 dimittit

355 2478 533 2527 peccata
557 2509 564 2516 .
590 2508 597 2516 .
622 2478 643 2515 f
680 2474 740 2527 (S.
774 2475 886 2515 147*
919 2476 960 2516 Z.
988 2475 1047 2529 4).

496 2552 572 2592 Die
610 2552 736 2592 dritte
768 2552 948 2592 Ansicht
986 2553 1040 2592 ist
1079 2552 1145 2592 die
1188 2552 1262 2592 der
1294 2552 1661 2609 Abalardschen
1695 2553 1863 2603 Schule,
1909 2554 1989 2595 wie

354 2628 413 2669 sie
446 2628 679 2669 besonders
712 2629 805 2669 klar
837 2629 880 2669 in
913 2629 988 2670 der
1022 2629 1239 2682 Epitomess
1271 2642 1367 2669 zum
1401 2630 1629 2670 Ausdruck
1662 2630 1840 2671 kommt.
1918 2630 1987 2671 Sie

500 2784 511 2802 ¹
536 2786 592 2818 ed.
620 2786 755 2826 Gietl,
790 2787 822 2818 S.
852 2787 940 2817 248:
981 2786 1061 2816 Non
1095 2788 1214 2816 autem
1248 2786 1315 2816 hoc
1347 2785 1599 2816 sacerdotibus
1631 2787 1815 2827 concessit,
1854 2787 1988 2826 quibus

354 2847 476 2876 tamen
503 2845 635 2876 tribuit
660 2848 871 2884 potestatem
898 2845 1040 2885 ligandi
1068 2847 1177 2883 atque
1197 2844 1365 2875 solvendi
1392 2844 1436 2875 id
1463 2847 1526 2875 est
1553 2845 1817 2876 ostendendi
1845 2846 1987 2877 homi-

355 2913 429 2935 nes
455 2905 620 2944 ligatos
647 2905 716 2936 vel
743 2905 923 2936 solutos.
1071 2901 1084 2919 ‘2
1110 2904 1146 2935 L.
1169 2904 1228 2934 IV.
1258 2904 1290 2934 d.
1315 2904 1367 2934 18.
1396 2913 1424 2934 0.
1448 2905 1477 2934 6.

499 2961 511 2979 ³
538 2965 591 2996 De
616 2975 768 2997 sacram..
796 2964 817 2994 l.
841 2964 889 2994 II.
918 2972 951 3002 p.
976 2964 1028 2993 14.
1058 2972 1085 2994 0.
1109 2964 1127 2993 8
1157 2963 1236 3001 (565
1255 2963 1307 3001 Β).
1453 2960 1467 2978 4
1493 2963 1554 3003 VI,
1578 2964 1616 2994 11
1648 2964 1727 3002 (148
1746 2964 1798 3003 B).

497 3021 510 3039 ⁵
535 3024 602 3054 PL.
632 3025 709 3063 178,
745 3022 897 3054 175602
943 3023 1157 3061 Promptum
1200 3024 1251 3052 est
1288 3021 1401 3061 igitur
1439 3024 1472 3052 et
1510 3022 1753 3062 manifestum,
1801 3023 1899 3061 quod
1939 3031 1982 3053 ex

356 3091 429 3120 quo
461 3082 596 3121 aliquis
628 3091 714 3113 vere
747 3083 791 3113 de
823 3084 971 3120 peccato
1002 3081 1122 3121 gemit,
1156 3081 1275 3120 ipsum
1309 3081 1378 3112 sibi
1412 3089 1432 3111 a
1464 3082 1537 3111 Deo
1571 3081 1715 3112 dimitti.
1778 3082 1857 3112 Non
1892 3091 1980 3112 vero
