<?xml version="1.0" encoding="UTF-8"?>
<!DOCTYPE html PUBLIC "-//W3C//DTD XHTML 1.0 Transitional//EN"
    "http://www.w3.org/TR/xhtml1/DTD/xhtml1-transitional.dtd">
<html xmlns="http://www.w3.org/1999/xhtml" xml:lang="en" lang="en">
 <head>
  <title>
</title>
<meta http-equiv="Content-Type" content="text/html;charset=utf-8" />
  <meta name='ocr-system' content='tesseract 3.04.00' />
  <meta name='ocr-capabilities' content='ocr_page ocr_carea ocr_par ocr_line ocrx_word'/>
</head>
<body>
  <div class='ocr_page' id='page_1' title='image "./diesententiaediv00geye_0196.png"; bbox 0 0 2106 3453; ppageno 0'>
   <div class='ocr_carea' id='block_1_1' title="bbox 331 266 1370 303">
    <p class='ocr_par' dir='ltr' id='par_1_1' title="bbox 331 266 1370 303">
     <span class='ocr_line' id='line_1_1' title="bbox 331 266 1370 303; baseline 0.002 -3"><span class='ocrx_word' id='word_1_1' title='bbox 331 267 422 300; x_wconf 49' lang='lat'><em>11854</em></span> <span class='ocrx_word' id='word_1_2' title='bbox 922 266 1129 301; x_wconf 80' lang='lat' dir='ltr'>Sententiae</span> <span class='ocrx_word' id='word_1_3' title='bbox 1156 267 1370 303; x_wconf 74' lang='lat' dir='ltr'>divinitatis.</span> 
     </span>
    </p>
   </div>
   <div class='ocr_carea' id='block_1_2' title="bbox 275 369 1964 2482">
    <p class='ocr_par' dir='ltr' id='par_1_2' title="bbox 292 369 1964 879">
     <span class='ocr_line' id='line_1_2' title="bbox 328 369 1961 422; baseline 0.002 -13"><span class='ocrx_word' id='word_1_4' title='bbox 328 369 656 422; x_wconf 79' lang='lat' dir='ltr'>quibuscunque</span> <span class='ocrx_word' id='word_1_5' title='bbox 699 370 886 422; x_wconf 87' lang='lat' dir='ltr'>peccatis</span> <span class='ocrx_word' id='word_1_6' title='bbox 925 371 1136 411; x_wconf 86' lang='lat' dir='ltr'>irretitum</span> <span class='ocrx_word' id='word_1_7' title='bbox 1183 371 1532 412; x_wconf 86' lang='lat' dir='ltr'>administratum</span> <span class='ocrx_word' id='word_1_8' title='bbox 1582 372 1720 421; x_wconf 86' lang='lat' dir='ltr'>suerit,</span> <span class='ocrx_word' id='word_1_9' title='bbox 1765 375 1961 413; x_wconf 87' lang='lat' dir='ltr'>sanctum</span> 
     </span>
     <span class='ocr_line' id='line_1_3' title="bbox 328 447 1960 500; baseline 0.002 -14"><span class='ocrx_word' id='word_1_10' title='bbox 328 448 370 486; x_wconf 90' lang='lat' dir='ltr'>et</span> <span class='ocrx_word' id='word_1_11' title='bbox 402 447 567 486; x_wconf 89' lang='lat' dir='ltr'>rectum</span> <span class='ocrx_word' id='word_1_12' title='bbox 601 448 664 487; x_wconf 88' lang='lat' dir='ltr'>est</span> <span class='ocrx_word' id='word_1_13' title='bbox 696 458 783 486; x_wconf 90' lang='lat' dir='ltr'>non</span> <span class='ocrx_word' id='word_1_14' title='bbox 815 448 992 498; x_wconf 89' lang='lat' dir='ltr'>propter</span> <span class='ocrx_word' id='word_1_15' title='bbox 1024 459 1122 487; x_wconf 91' lang='lat' dir='ltr'>eum</span> <span class='ocrx_word' id='word_1_16' title='bbox 1157 447 1229 499; x_wconf 87' lang='lat' dir='ltr'>qui</span> <span class='ocrx_word' id='word_1_17' title='bbox 1263 447 1492 497; x_wconf 76' lang='lat' dir='ltr'>ministrat,</span> <span class='ocrx_word' id='word_1_18' title='bbox 1543 447 1617 487; x_wconf 89' lang='lat' dir='ltr'>sed</span> <span class='ocrx_word' id='word_1_19' title='bbox 1655 450 1831 500; x_wconf 86' lang='lat' dir='ltr'>propter</span> <span class='ocrx_word' id='word_1_20' title='bbox 1865 461 1960 489; x_wconf 87' lang='lat' dir='ltr'>eum</span> 
     </span>
     <span class='ocr_line' id='line_1_4' title="bbox 328 520 1961 576; baseline 0.002 -15"><span class='ocrx_word' id='word_1_21' title='bbox 328 520 400 573; x_wconf 91' lang='lat' dir='ltr'>qui</span> <span class='ocrx_word' id='word_1_22' title='bbox 428 521 550 562; x_wconf 80' lang='lat' dir='ltr'>dixit:</span> <span class='ocrx_word' id='word_1_23' title='bbox 585 521 668 561; x_wconf 70' lang='lat' dir='ltr'>Hic</span> <span class='ocrx_word' id='word_1_24' title='bbox 699 525 767 572; x_wconf 69' lang='lat' dir='ltr'>est,</span> <span class='ocrx_word' id='word_1_25' title='bbox 802 522 872 575; x_wconf 70' lang='lat' dir='ltr'>qm:</span> <span class='ocrx_word' id='word_1_26' title='bbox 899 521 1082 575; x_wconf 69' lang='lat' dir='ltr'>baptizat</span> <span class='ocrx_word' id='word_1_27' title='bbox 1115 522 1224 575; x_wconf 72' lang='lat' dir='ltr'>(Joh.</span> <span class='ocrx_word' id='word_1_28' title='bbox 1256 525 1293 575; x_wconf 74' lang='lat'>1,</span> <span class='ocrx_word' id='word_1_29' title='bbox 1315 522 1403 576; x_wconf 79' lang='lat'>33).</span> <span class='ocrx_word' id='word_1_30' title='bbox 1457 524 1562 564; x_wconf 86' lang='lat' dir='ltr'>[tem</span> <span class='ocrx_word' id='word_1_31' title='bbox 1592 523 1910 574; x_wconf 73' lang='lat' dir='ltr'>Augustinus</span> <span class='ocrx_word' id='word_1_32' title='bbox 1929 525 1961 565; x_wconf 85' lang='lat'>1:</span> 
     </span>
     <span class='ocr_line' id='line_1_5' title="bbox 329 598 1962 652; baseline 0.002 -15"><span class='ocrx_word' id='word_1_33' title='bbox 329 598 458 647; x_wconf 86' lang='lat' dir='ltr'>,Talis</span> <span class='ocrx_word' id='word_1_34' title='bbox 492 601 556 638; x_wconf 90' lang='lat' dir='ltr'>est</span> <span class='ocrx_word' id='word_1_35' title='bbox 591 599 843 650; x_wconf 76' lang='lat' dir='ltr'>baptismus,</span> <span class='ocrx_word' id='word_1_36' title='bbox 884 599 1022 650; x_wconf 86' lang='lat' dir='ltr'>qualis</span> <span class='ocrx_word' id='word_1_37' title='bbox 1062 599 1130 640; x_wconf 81' lang='lat' dir='ltr'>ille</span> <span class='ocrx_word' id='word_1_38' title='bbox 1170 602 1233 640; x_wconf 88' lang='lat' dir='ltr'>est</span> <span class='ocrx_word' id='word_1_39' title='bbox 1265 613 1341 652; x_wconf 93' lang='lat' dir='ltr'>per</span> <span class='ocrx_word' id='word_1_40' title='bbox 1375 613 1503 652; x_wconf 87' lang='lat' dir='ltr'>quem</span> <span class='ocrx_word' id='word_1_41' title='bbox 1543 601 1684 649; x_wconf 89' lang='lat' dir='ltr'>datur,</span> <span class='ocrx_word' id='word_1_42' title='bbox 1724 613 1811 640; x_wconf 90' lang='lat' dir='ltr'>non</span> <span class='ocrx_word' id='word_1_43' title='bbox 1851 601 1962 651; x_wconf 87' lang='lat' dir='ltr'>talis,</span> 
     </span>
     <span class='ocr_line' id='line_1_6' title="bbox 292 673 1961 726; baseline 0.002 -13"><span class='ocrx_word' id='word_1_44' title='bbox 292 673 466 725; x_wconf 76' lang='lat' dir='ltr'>5qi1alis</span> <span class='ocrx_word' id='word_1_45' title='bbox 511 673 578 714; x_wconf 90' lang='lat' dir='ltr'>ille</span> <span class='ocrx_word' id='word_1_46' title='bbox 622 674 693 726; x_wconf 84' lang='lat' dir='ltr'>qui</span> <span class='ocrx_word' id='word_1_47' title='bbox 740 674 843 715; x_wconf 76' lang='lat' dir='ltr'>dat‘.</span> <span class='ocrx_word' id='word_1_48' title='bbox 920 674 1074 716; x_wconf 88' lang='lat' dir='ltr'>Idem:</span> <span class='ocrx_word' id='word_1_49' title='bbox 1124 675 1346 723; x_wconf 89' lang='lat' dir='ltr'>‚Dominus</span> <span class='ocrx_word' id='word_1_50' title='bbox 1390 676 1545 718; x_wconf 85' lang='lat' dir='ltr'>Judam</span> <span class='ocrx_word' id='word_1_51' title='bbox 1597 676 1795 718; x_wconf 90' lang='lat' dir='ltr'>toleravit</span> <span class='ocrx_word' id='word_1_52' title='bbox 1840 679 1882 717; x_wconf 92' lang='lat' dir='ltr'>et</span> <span class='ocrx_word' id='word_1_53' title='bbox 1926 677 1961 717; x_wconf 92' lang='lat' dir='ltr'>ei</span> 
     </span>
     <span class='ocr_line' id='line_1_7' title="bbox 328 750 1964 804; baseline 0.002 -14"><span class='ocrx_word' id='word_1_54' title='bbox 328 750 639 791; x_wconf 87' lang='lat' dir='ltr'>Eucharistiam</span> <span class='ocrx_word' id='word_1_55' title='bbox 674 750 790 791; x_wconf 85' lang='lat' dir='ltr'>dedit</span> <span class='ocrx_word' id='word_1_56' title='bbox 824 753 865 791; x_wconf 88' lang='lat' dir='ltr'>et</span> <span class='ocrx_word' id='word_1_57' title='bbox 897 764 992 791; x_wconf 89' lang='lat' dir='ltr'>eum</span> <span class='ocrx_word' id='word_1_58' title='bbox 1029 752 1083 792; x_wconf 88' lang='lat' dir='ltr'>ad</span> <span class='ocrx_word' id='word_1_59' title='bbox 1112 752 1450 804; x_wconf 86' lang='lat' dir='ltr'>praedicandum</span> <span class='ocrx_word' id='word_1_60' title='bbox 1486 752 1611 802; x_wconf 91' lang='lat' dir='ltr'>misit,</span> <span class='ocrx_word' id='word_1_61' title='bbox 1647 754 1692 793; x_wconf 90' lang='lat' dir='ltr'>ut</span> <span class='ocrx_word' id='word_1_62' title='bbox 1718 753 1964 794; x_wconf 79' lang='lat' dir='ltr'>ostenderet</span> 
     </span>
     <span class='ocr_line' id='line_1_8' title="bbox 328 825 1963 879; baseline 0.002 -14"><span class='ocrx_word' id='word_1_63' title='bbox 328 825 443 865; x_wconf 88' lang='lat' dir='ltr'>dona</span> <span class='ocrx_word' id='word_1_64' title='bbox 488 838 566 866; x_wconf 90' lang='lat' dir='ltr'>sua</span> <span class='ocrx_word' id='word_1_65' title='bbox 611 826 835 877; x_wconf 82' lang='lat' dir='ltr'>pervenire</span> <span class='ocrx_word' id='word_1_66' title='bbox 876 826 931 867; x_wconf 91' lang='lat' dir='ltr'>ad</span> <span class='ocrx_word' id='word_1_67' title='bbox 972 840 1057 877; x_wconf 91' lang='lat' dir='ltr'>eos,</span> <span class='ocrx_word' id='word_1_68' title='bbox 1104 827 1176 879; x_wconf 90' lang='lat' dir='ltr'>qui</span> <span class='ocrx_word' id='word_1_69' title='bbox 1216 828 1341 879; x_wconf 80' lang='lat' dir='ltr'>digne</span> <span class='ocrx_word' id='word_1_70' title='bbox 1383 831 1572 878; x_wconf 87' lang='lat' dir='ltr'>sumunt,</span> <span class='ocrx_word' id='word_1_71' title='bbox 1618 828 1748 868; x_wconf 86' lang='lat' dir='ltr'>etiam</span> <span class='ocrx_word' id='word_1_72' title='bbox 1794 828 1828 868; x_wconf 91' lang='lat' dir='ltr'>si</span> <span class='ocrx_word' id='word_1_73' title='bbox 1867 828 1963 870; x_wconf 86' lang='lat' dir='ltr'>talis</span> 
     </span>
    </p>

    <p class='ocr_par' dir='ltr' id='par_1_3' title="bbox 328 901 1962 1032">
     <span class='ocr_line' id='line_1_9' title="bbox 328 901 1548 955; baseline 0.004 -15"><span class='ocrx_word' id='word_1_74' title='bbox 328 901 454 941; x_wconf 86' lang='lat' dir='ltr'>fuerit</span> <span class='ocrx_word' id='word_1_75' title='bbox 487 901 555 942; x_wconf 82' lang='lat' dir='ltr'>ille</span> <span class='ocrx_word' id='word_1_76' title='bbox 587 914 664 953; x_wconf 92' lang='lat' dir='ltr'>per</span> <span class='ocrx_word' id='word_1_77' title='bbox 697 914 825 953; x_wconf 89' lang='lat' dir='ltr'>quem</span> <span class='ocrx_word' id='word_1_78' title='bbox 859 902 999 953; x_wconf 87' lang='lat' dir='ltr'>datur,</span> <span class='ocrx_word' id='word_1_79' title='bbox 1034 903 1172 955; x_wconf 85' lang='lat' dir='ltr'>qualis</span> <span class='ocrx_word' id='word_1_80' title='bbox 1206 906 1247 944; x_wconf 91' lang='lat' dir='ltr'>et</span> <span class='ocrx_word' id='word_1_81' title='bbox 1278 904 1410 945; x_wconf 86' lang='lat' dir='ltr'>Judas</span> <span class='ocrx_word' id='word_1_82' title='bbox 1444 904 1548 945; x_wconf 86' lang='lat' dir='ltr'>fuit‘.</span> 
     </span>
     <span class='ocr_line' id='line_1_10' title="bbox 470 976 1962 1032; baseline 0.003 -16"><span class='ocrx_word' id='word_1_83' title='bbox 470 976 554 1017; x_wconf 84' lang='lat' dir='ltr'>Sed</span> <span class='ocrx_word' id='word_1_84' title='bbox 582 976 827 1017; x_wconf 85' lang='lat' dir='ltr'>obiciuntur</span> <span class='ocrx_word' id='word_1_85' title='bbox 850 979 1150 1020; x_wconf 75' lang='lat' dir='ltr'>auctoritates:</span> <span class='ocrx_word' id='word_1_86' title='bbox 1186 979 1424 1021; x_wconf 81' lang='lat' dir='ltr'>Gelasius</span> <span class='ocrx_word' id='word_1_87' title='bbox 1457 980 1646 1021; x_wconf 86' lang='lat' dir='ltr'>scribens</span> <span class='ocrx_word' id='word_1_88' title='bbox 1668 980 1721 1020; x_wconf 87' lang='lat' dir='ltr'>ad</span> <span class='ocrx_word' id='word_1_89' title='bbox 1744 980 1962 1032; x_wconf 84' lang='lat' dir='ltr'>quendam</span> 
     </span>
    </p>

    <p class='ocr_par' dir='ltr' id='par_1_4' title="bbox 278 1052 1964 1334">
     <span class='ocr_line' id='line_1_11' title="bbox 278 1052 1964 1108; baseline 0.001 -13"><span class='ocrx_word' id='word_1_90' title='bbox 278 1071 307 1095; x_wconf 79' lang='lat'>10</span> <span class='ocrx_word' id='word_1_91' title='bbox 329 1052 578 1105; x_wconf 87' lang='lat' dir='ltr'>episcopum</span> <span class='ocrx_word' id='word_1_92' title='bbox 625 1053 702 1094; x_wconf 89' lang='lat' dir='ltr'>ait:</span> <span class='ocrx_word' id='word_1_93' title='bbox 757 1053 938 1094; x_wconf 86' lang='lat' dir='ltr'>Eosdem</span> <span class='ocrx_word' id='word_1_94' title='bbox 992 1054 1064 1107; x_wconf 88' lang='lat' dir='ltr'>qui</span> <span class='ocrx_word' id='word_1_95' title='bbox 1109 1055 1163 1096; x_wconf 87' lang='lat' dir='ltr'>ab</span> <span class='ocrx_word' id='word_1_96' title='bbox 1209 1055 1434 1096; x_wconf 82' lang='lat' dir='ltr'>haereticis</span> <span class='ocrx_word' id='word_1_97' title='bbox 1480 1056 1521 1096; x_wconf 93' lang='lat' dir='ltr'>in</span> <span class='ocrx_word' id='word_1_98' title='bbox 1567 1056 1762 1108; x_wconf 89' lang='lat' dir='ltr'>partibus</span> <span class='ocrx_word' id='word_1_99' title='bbox 1806 1055 1964 1096; x_wconf 90' lang='lat' dir='ltr'>nostris</span> 
     </span>
     <span class='ocr_line' id='line_1_12' title="bbox 327 1129 1960 1184; baseline 0.002 -15"><span class='ocrx_word' id='word_1_100' title='bbox 327 1129 534 1181; x_wconf 76' lang='lat' dir='ltr'>baptizati</span> <span class='ocrx_word' id='word_1_101' title='bbox 568 1129 737 1180; x_wconf 84' lang='lat' dir='ltr'>fuerint,</span> <span class='ocrx_word' id='word_1_102' title='bbox 780 1130 1038 1182; x_wconf 80' lang='lat' dir='ltr'>rebaptizari</span> <span class='ocrx_word' id='word_1_103' title='bbox 1071 1132 1326 1184; x_wconf 65' lang='lat' dir='ltr'>praecipias</span> <span class='ocrx_word' id='word_1_104' title='bbox 1382 1133 1433 1173; x_wconf 85' lang='lat' dir='ltr'>Et</span> <span class='ocrx_word' id='word_1_105' title='bbox 1466 1132 1507 1173; x_wconf 92' lang='lat' dir='ltr'>in</span> <span class='ocrx_word' id='word_1_106' title='bbox 1540 1133 1960 1174; x_wconf 86' lang='lat' dir='ltr'>Deuteronomio:</span> 
     </span>
     <span class='ocr_line' id='line_1_13' title="bbox 333 1206 1962 1263; baseline 0.004 -20"><span class='ocrx_word' id='word_1_107' title='bbox 333 1206 603 1259; x_wconf 67' lang='lat' dir='ltr'>Quaecunque</span> <span class='ocrx_word' id='word_1_108' title='bbox 646 1206 821 1259; x_wconf 65' lang='lat' dir='ltr'>tetiqerit</span> <span class='ocrx_word' id='word_1_109' title='bbox 864 1207 1114 1259; x_wconf 70' lang='lat' dir='ltr'>immzmdzcs,</span> <span class='ocrx_word' id='word_1_110' title='bbox 1168 1208 1383 1248; x_wconf 61' lang='lat' dir='ltr'>inmutanda</span> <span class='ocrx_word' id='word_1_111' title='bbox 1430 1213 1550 1249; x_wconf 67' lang='lat' dir='ltr'>erum}</span> <span class='ocrx_word' id='word_1_112' title='bbox 1595 1208 1738 1263; x_wconf 74' lang='lat' dir='ltr'>(Num.</span> <span class='ocrx_word' id='word_1_113' title='bbox 1782 1210 1848 1260; x_wconf 79' lang='lat'>19,</span> <span class='ocrx_word' id='word_1_114' title='bbox 1874 1208 1962 1262; x_wconf 73' lang='lat'>22).</span> 
     </span>
     <span class='ocr_line' id='line_1_14' title="bbox 328 1280 1505 1334; baseline 0.003 -13"><span class='ocrx_word' id='word_1_115' title='bbox 328 1281 454 1322; x_wconf 86' lang='lat' dir='ltr'>Item:</span> <span class='ocrx_word' id='word_1_116' title='bbox 492 1280 722 1330; x_wconf 78' lang='lat' dir='ltr'>Quomodo</span> <span class='ocrx_word' id='word_1_117' title='bbox 755 1284 898 1334; x_wconf 90' lang='lat' dir='ltr'>potest</span> <span class='ocrx_word' id='word_1_118' title='bbox 931 1285 1128 1324; x_wconf 89' lang='lat' dir='ltr'>sanctum</span> <span class='ocrx_word' id='word_1_119' title='bbox 1163 1284 1266 1325; x_wconf 87' lang='lat' dir='ltr'>dare</span> <span class='ocrx_word' id='word_1_120' title='bbox 1299 1284 1505 1326; x_wconf 75' lang='lat' dir='ltr'>canibus?</span> 
     </span>
    </p>

    <p class='ocr_par' dir='ltr' id='par_1_5' title="bbox 470 1356 1961 1413">
     <span class='ocr_line' id='line_1_15' title="bbox 470 1356 1961 1413; baseline 0.003 -17"><span class='ocrx_word' id='word_1_121' title='bbox 470 1356 690 1398; x_wconf 83' lang='lat' dir='ltr'>Solutio:</span> <span class='ocrx_word' id='word_1_122' title='bbox 732 1358 844 1399; x_wconf 90' lang='lat' dir='ltr'>Istae</span> <span class='ocrx_word' id='word_1_123' title='bbox 877 1359 1157 1400; x_wconf 81' lang='lat' dir='ltr'>auctoritates</span> <span class='ocrx_word' id='word_1_124' title='bbox 1184 1360 1419 1412; x_wconf 89' lang='lat' dir='ltr'>loquuntur</span> <span class='ocrx_word' id='word_1_125' title='bbox 1447 1362 1498 1401; x_wconf 85' lang='lat' dir='ltr'>de</span> <span class='ocrx_word' id='word_1_126' title='bbox 1525 1360 1588 1401; x_wconf 88' lang='lat' dir='ltr'>his</span> <span class='ocrx_word' id='word_1_127' title='bbox 1616 1361 1854 1410; x_wconf 76' lang='lat' dir='ltr'>haereticis,</span> <span class='ocrx_word' id='word_1_128' title='bbox 1890 1361 1961 1413; x_wconf 90' lang='lat' dir='ltr'>qui</span> 
     </span>
    </p>

    <p class='ocr_par' dir='ltr' id='par_1_6' title="bbox 277 1434 1963 1791">
     <span class='ocr_line' id='line_1_16' title="bbox 277 1434 1963 1489; baseline 0.002 -16"><span class='ocrx_word' id='word_1_129' title='bbox 277 1450 308 1474; x_wconf 59' lang='grc' dir='ltr'>η,</span> <span class='ocrx_word' id='word_1_130' title='bbox 329 1436 450 1474; x_wconf 85' lang='lat' dir='ltr'>extra</span> <span class='ocrx_word' id='word_1_131' title='bbox 494 1434 678 1474; x_wconf 83' lang='lat' dir='ltr'>sormam</span> <span class='ocrx_word' id='word_1_132' title='bbox 724 1434 927 1486; x_wconf 83' lang='lat' dir='ltr'>baptismi</span> <span class='ocrx_word' id='word_1_133' title='bbox 971 1436 1264 1488; x_wconf 85' lang='lat' dir='ltr'>baptizabant.</span> <span class='ocrx_word' id='word_1_134' title='bbox 1337 1437 1517 1489; x_wconf 84' lang='lat' dir='ltr'>Semper</span> <span class='ocrx_word' id='word_1_135' title='bbox 1561 1437 1675 1477; x_wconf 88' lang='lat' dir='ltr'>enim</span> <span class='ocrx_word' id='word_1_136' title='bbox 1722 1450 1852 1478; x_wconf 89' lang='lat' dir='ltr'>unam</span> <span class='ocrx_word' id='word_1_137' title='bbox 1901 1436 1963 1478; x_wconf 89' lang='lat' dir='ltr'>vel</span> 
     </span>
     <span class='ocr_line' id='line_1_17' title="bbox 329 1509 1960 1565; baseline 0.003 -16"><span class='ocrx_word' id='word_1_138' title='bbox 329 1509 438 1550; x_wconf 88' lang='lat' dir='ltr'>duas</span> <span class='ocrx_word' id='word_1_139' title='bbox 471 1509 523 1550; x_wconf 90' lang='lat' dir='ltr'>de</span> <span class='ocrx_word' id='word_1_140' title='bbox 556 1510 752 1561; x_wconf 85' lang='lat' dir='ltr'>personis</span> <span class='ocrx_word' id='word_1_141' title='bbox 787 1511 999 1552; x_wconf 85' lang='lat' dir='ltr'>tacebant.</span> <span class='ocrx_word' id='word_1_142' title='bbox 1063 1512 1107 1552; x_wconf 85' lang='lat' dir='ltr'>Si</span> <span class='ocrx_word' id='word_1_143' title='bbox 1142 1526 1242 1554; x_wconf 87' lang='lat' dir='ltr'>vero</span> <span class='ocrx_word' id='word_1_144' title='bbox 1276 1513 1511 1554; x_wconf 86' lang='lat' dir='ltr'>servabant</span> <span class='ocrx_word' id='word_1_145' title='bbox 1550 1513 1732 1555; x_wconf 86' lang='lat' dir='ltr'>formam</span> <span class='ocrx_word' id='word_1_146' title='bbox 1774 1513 1816 1553; x_wconf 92' lang='lat' dir='ltr'>in</span> <span class='ocrx_word' id='word_1_147' title='bbox 1856 1513 1960 1565; x_wconf 86' lang='lat' dir='ltr'>bap-</span> 
     </span>
     <span class='ocr_line' id='line_1_18' title="bbox 329 1585 1960 1639; baseline 0.002 -14"><span class='ocrx_word' id='word_1_148' title='bbox 329 1585 470 1635; x_wconf 90' lang='lat' dir='ltr'>tismo,</span> <span class='ocrx_word' id='word_1_149' title='bbox 504 1598 590 1626; x_wconf 89' lang='lat' dir='ltr'>non</span> <span class='ocrx_word' id='word_1_150' title='bbox 625 1586 1019 1639; x_wconf 84' lang='lat' dir='ltr'>rebaptizabantur.</span> <span class='ocrx_word' id='word_1_151' title='bbox 1085 1589 1208 1629; x_wconf 88' lang='lat' dir='ltr'>Unde</span> <span class='ocrx_word' id='word_1_152' title='bbox 1242 1589 1494 1631; x_wconf 88' lang='lat' dir='ltr'>Gelasius:</span> <span class='ocrx_word' id='word_1_153' title='bbox 1531 1589 1613 1639; x_wconf 85' lang='lat' dir='ltr'>Qui</span> <span class='ocrx_word' id='word_1_154' title='bbox 1647 1590 1702 1631; x_wconf 92' lang='lat' dir='ltr'>ab</span> <span class='ocrx_word' id='word_1_155' title='bbox 1736 1589 1960 1631; x_wconf 84' lang='lat' dir='ltr'>haereticis</span> 
     </span>
     <span class='ocr_line' id='line_1_19' title="bbox 329 1661 1962 1718; baseline 0.004 -17"><span class='ocrx_word' id='word_1_156' title='bbox 329 1661 369 1701; x_wconf 90' lang='lat' dir='ltr'>in</span> <span class='ocrx_word' id='word_1_157' title='bbox 404 1662 541 1702; x_wconf 87' lang='lat' dir='ltr'>forma</span> <span class='ocrx_word' id='word_1_158' title='bbox 574 1662 779 1714; x_wconf 85' lang='lat' dir='ltr'>baptismi</span> <span class='ocrx_word' id='word_1_159' title='bbox 812 1663 1017 1715; x_wconf 82' lang='lat' dir='ltr'>baptizati</span> <span class='ocrx_word' id='word_1_160' title='bbox 1051 1667 1163 1715; x_wconf 88' lang='lat' dir='ltr'>sunt,</span> <span class='ocrx_word' id='word_1_161' title='bbox 1209 1679 1294 1706; x_wconf 89' lang='lat' dir='ltr'>non</span> <span class='ocrx_word' id='word_1_162' title='bbox 1336 1666 1669 1718; x_wconf 86' lang='lat' dir='ltr'>rebaptizandos</span> <span class='ocrx_word' id='word_1_163' title='bbox 1712 1679 1804 1706; x_wconf 89' lang='lat' dir='ltr'>esse</span> <span class='ocrx_word' id='word_1_164' title='bbox 1837 1679 1962 1718; x_wconf 88' lang='lat' dir='ltr'>prae-</span> 
     </span>
     <span class='ocr_line' id='line_1_20' title="bbox 329 1738 522 1791; baseline 0.005 -13"><span class='ocrx_word' id='word_1_165' title='bbox 329 1738 522 1791; x_wconf 86' lang='lat' dir='ltr'>cipimus.</span> 
     </span>
    </p>

    <p class='ocr_par' dir='ltr' id='par_1_7' title="bbox 275 1816 1963 2177">
     <span class='ocr_line' id='line_1_21' title="bbox 275 1816 1963 1873; baseline 0.004 -20"><span class='ocrx_word' id='word_1_166' title='bbox 275 1828 310 1853; x_wconf 78' lang='lat'>20</span> <span class='ocrx_word' id='word_1_167' title='bbox 472 1816 613 1857; x_wconf 81' lang='lat' dir='ltr'>Solet</span> <span class='ocrx_word' id='word_1_168' title='bbox 663 1820 937 1868; x_wconf 86' lang='lat' dir='ltr'>praeterea</span> <span class='ocrx_word' id='word_1_169' title='bbox 989 1819 1187 1871; x_wconf 83' lang='lat' dir='ltr'>quaeri,</span> <span class='ocrx_word' id='word_1_170' title='bbox 1246 1833 1342 1872; x_wconf 91' lang='lat' dir='ltr'>quo</span> <span class='ocrx_word' id='word_1_171' title='bbox 1394 1823 1624 1873; x_wconf 84' lang='lat' dir='ltr'>tempore</span> <span class='ocrx_word' id='word_1_172' title='bbox 1676 1819 1963 1872; x_wconf 86' lang='lat' dir='ltr'>baptismus</span> 
     </span>
     <span class='ocr_line' id='line_1_22' title="bbox 330 1891 1962 1948; baseline 0.002 -17"><span class='ocrx_word' id='word_1_173' title='bbox 330 1891 514 1932; x_wconf 88' lang='lat' dir='ltr'>debeat</span> <span class='ocrx_word' id='word_1_174' title='bbox 561 1892 855 1934; x_wconf 80' lang='lat' dir='ltr'>celebrari2.</span> <span class='ocrx_word' id='word_1_175' title='bbox 930 1894 1074 1935; x_wconf 87' lang='lat' dir='ltr'>Visum</span> <span class='ocrx_word' id='word_1_176' title='bbox 1123 1897 1186 1935; x_wconf 87' lang='lat' dir='ltr'>cst</span> <span class='ocrx_word' id='word_1_177' title='bbox 1234 1895 1510 1947; x_wconf 88' lang='lat' dir='ltr'>quibusdam,</span> <span class='ocrx_word' id='word_1_178' title='bbox 1557 1896 1673 1948; x_wconf 91' lang='lat' dir='ltr'>quod</span> <span class='ocrx_word' id='word_1_179' title='bbox 1713 1896 1754 1936; x_wconf 91' lang='lat' dir='ltr'>in</span> <span class='ocrx_word' id='word_1_180' title='bbox 1798 1895 1962 1936; x_wconf 89' lang='lat' dir='ltr'>Nativi-</span> 
     </span>
     <span class='ocr_line' id='line_1_23' title="bbox 330 1969 1961 2025; baseline 0.002 -17"><span class='ocrx_word' id='word_1_181' title='bbox 330 1971 418 2010; x_wconf 87' lang='lat' dir='ltr'>tate</span> <span class='ocrx_word' id='word_1_182' title='bbox 451 1972 490 2009; x_wconf 89' lang='lat' dir='ltr'>et</span> <span class='ocrx_word' id='word_1_183' title='bbox 529 1969 808 2022; x_wconf 80' lang='lat' dir='ltr'>Apparitione</span> <span class='ocrx_word' id='word_1_184' title='bbox 847 1973 887 2012; x_wconf 93' lang='lat' dir='ltr'>et</span> <span class='ocrx_word' id='word_1_185' title='bbox 926 1971 968 2011; x_wconf 90' lang='lat' dir='ltr'>in</span> <span class='ocrx_word' id='word_1_186' title='bbox 1010 1972 1200 2024; x_wconf 89' lang='lat' dir='ltr'>qualibet</span> <span class='ocrx_word' id='word_1_187' title='bbox 1233 1972 1522 2014; x_wconf 89' lang='lat' dir='ltr'>sollemnitate</span> <span class='ocrx_word' id='word_1_188' title='bbox 1555 1972 1849 2025; x_wconf 87' lang='lat' dir='ltr'>apostolorum</span> <span class='ocrx_word' id='word_1_189' title='bbox 1886 1984 1961 2012; x_wconf 88' lang='lat' dir='ltr'>seu</span> 
     </span>
     <span class='ocr_line' id='line_1_24' title="bbox 331 2046 1960 2100; baseline 0.002 -16"><span class='ocrx_word' id='word_1_190' title='bbox 331 2047 568 2098; x_wconf 84' lang='lat' dir='ltr'>martyrum</span> <span class='ocrx_word' id='word_1_191' title='bbox 613 2046 748 2098; x_wconf 84' lang='lat' dir='ltr'>possit</span> <span class='ocrx_word' id='word_1_192' title='bbox 798 2047 1017 2089; x_wconf 87' lang='lat' dir='ltr'>celebrari.</span> <span class='ocrx_word' id='word_1_193' title='bbox 1094 2048 1216 2089; x_wconf 89' lang='lat' dir='ltr'>Unde</span> <span class='ocrx_word' id='word_1_194' title='bbox 1262 2048 1497 2090; x_wconf 84' lang='lat' dir='ltr'>Gelasius</span> <span class='ocrx_word' id='word_1_195' title='bbox 1543 2049 1712 2090; x_wconf 88' lang='lat' dir='ltr'>cuidam</span> <span class='ocrx_word' id='word_1_196' title='bbox 1759 2048 1960 2100; x_wconf 89' lang='lat' dir='ltr'>episcopo</span> 
     </span>
     <span class='ocr_line' id='line_1_25' title="bbox 329 2121 1961 2177; baseline 0.002 -17"><span class='ocrx_word' id='word_1_197' title='bbox 329 2121 475 2161; x_wconf 86' lang='lat' dir='ltr'>scribit</span> <span class='ocrx_word' id='word_1_198' title='bbox 507 2121 702 2163; x_wconf 76' lang='lat' dir='ltr'>dicens3:</span> <span class='ocrx_word' id='word_1_199' title='bbox 750 2122 990 2172; x_wconf 75' lang='lat' dir='ltr'>,Quaedam</span> <span class='ocrx_word' id='word_1_200' title='bbox 1033 2125 1328 2176; x_wconf 82' lang='lat' dir='ltr'>praesumptio</span> <span class='ocrx_word' id='word_1_201' title='bbox 1372 2126 1413 2165; x_wconf 91' lang='lat' dir='ltr'>in</span> <span class='ocrx_word' id='word_1_202' title='bbox 1452 2125 1647 2177; x_wconf 84' lang='lat' dir='ltr'>partibus</span> <span class='ocrx_word' id='word_1_203' title='bbox 1680 2124 1837 2165; x_wconf 87' lang='lat' dir='ltr'>nostris</span> <span class='ocrx_word' id='word_1_204' title='bbox 1870 2124 1961 2164; x_wconf 86' lang='lat' dir='ltr'>ino-</span> 
     </span>
    </p>

    <p class='ocr_par' dir='ltr' id='par_1_8' title="bbox 275 2197 1961 2482">
     <span class='ocr_line' id='line_1_26' title="bbox 275 2197 1961 2253; baseline 0.003 -17"><span class='ocrx_word' id='word_1_205' title='bbox 275 2213 310 2237; x_wconf 77' lang='lat'>‘25</span> <span class='ocrx_word' id='word_1_206' title='bbox 330 2197 442 2247; x_wconf 89' lang='lat' dir='ltr'>levit,</span> <span class='ocrx_word' id='word_1_207' title='bbox 490 2198 605 2249; x_wconf 89' lang='lat' dir='ltr'>quod</span> <span class='ocrx_word' id='word_1_208' title='bbox 647 2202 966 2240; x_wconf 84' lang='lat' dir='ltr'>sacramentum</span> <span class='ocrx_word' id='word_1_209' title='bbox 1001 2201 1200 2253; x_wconf 86' lang='lat' dir='ltr'>baptismi</span> <span class='ocrx_word' id='word_1_210' title='bbox 1245 2202 1405 2253; x_wconf 88' lang='lat' dir='ltr'>passim</span> <span class='ocrx_word' id='word_1_211' title='bbox 1451 2202 1710 2250; x_wconf 85' lang='lat' dir='ltr'>celebretur;</span> <span class='ocrx_word' id='word_1_212' title='bbox 1758 2201 1872 2253; x_wconf 88' lang='lat' dir='ltr'>quod</span> <span class='ocrx_word' id='word_1_213' title='bbox 1916 2203 1961 2241; x_wconf 93' lang='lat' dir='ltr'>ut</span> 
     </span>
     <span class='ocr_line' id='line_1_27' title="bbox 329 2274 1959 2325; baseline 0.003 -12"><span class='ocrx_word' id='word_1_214' title='bbox 329 2286 416 2313; x_wconf 91' lang='lat' dir='ltr'>non</span> <span class='ocrx_word' id='word_1_215' title='bbox 456 2274 530 2314; x_wconf 84' lang='lat' dir='ltr'>fiat</span> <span class='ocrx_word' id='word_1_216' title='bbox 567 2274 649 2314; x_wconf 85' lang='lat' dir='ltr'>nisi</span> <span class='ocrx_word' id='word_1_217' title='bbox 687 2275 729 2315; x_wconf 89' lang='lat' dir='ltr'>in</span> <span class='ocrx_word' id='word_1_218' title='bbox 772 2275 955 2316; x_wconf 88' lang='lat' dir='ltr'>sabbato</span> <span class='ocrx_word' id='word_1_219' title='bbox 990 2276 1185 2318; x_wconf 80' lang='lat' dir='ltr'>Pascbali</span> <span class='ocrx_word' id='word_1_220' title='bbox 1226 2280 1266 2318; x_wconf 87' lang='lat' dir='ltr'>et</span> <span class='ocrx_word' id='word_1_221' title='bbox 1306 2277 1585 2318; x_wconf 73' lang='lat' dir='ltr'>pentecostes</span> <span class='ocrx_word' id='word_1_222' title='bbox 1633 2277 1959 2325; x_wconf 71' lang='lat' dir='ltr'>interdicimus‘;</span> 
     </span>
     <span class='ocr_line' id='line_1_28' title="bbox 330 2350 1959 2406; baseline 0.002 -16"><span class='ocrx_word' id='word_1_223' title='bbox 330 2350 676 2391; x_wconf 87' lang='lat' dir='ltr'>subaudiendum</span> <span class='ocrx_word' id='word_1_224' title='bbox 711 2352 905 2393; x_wconf 81' lang='lat' dir='ltr'>estz-nisi</span> <span class='ocrx_word' id='word_1_225' title='bbox 943 2353 1172 2395; x_wconf 86' lang='lat' dir='ltr'>necessitas</span> <span class='ocrx_word' id='word_1_226' title='bbox 1205 2354 1477 2395; x_wconf 88' lang='lat' dir='ltr'>interveniat.</span> <span class='ocrx_word' id='word_1_227' title='bbox 1543 2354 1667 2395; x_wconf 87' lang='lat' dir='ltr'>Unde</span> <span class='ocrx_word' id='word_1_228' title='bbox 1701 2355 1794 2395; x_wconf 87' lang='lat' dir='ltr'>Leo</span> <span class='ocrx_word' id='word_1_229' title='bbox 1829 2367 1959 2406; x_wconf 86' lang='lat' dir='ltr'>papa</span> 
     </span>
     <span class='ocr_line' id='line_1_29' title="bbox 330 2426 1958 2482; baseline 0.002 -16"><span class='ocrx_word' id='word_1_230' title='bbox 330 2426 523 2468; x_wconf 57' lang='lat' dir='ltr'>scribit2&#39;:</span> <span class='ocrx_word' id='word_1_231' title='bbox 567 2427 624 2477; x_wconf 85' lang='lat' dir='ltr'>,Si</span> <span class='ocrx_word' id='word_1_232' title='bbox 659 2427 811 2469; x_wconf 87' lang='lat' dir='ltr'>timore</span> <span class='ocrx_word' id='word_1_233' title='bbox 851 2429 1001 2469; x_wconf 88' lang='lat' dir='ltr'>mortis</span> <span class='ocrx_word' id='word_1_234' title='bbox 1037 2429 1099 2470; x_wconf 91' lang='lat' dir='ltr'>vel</span> <span class='ocrx_word' id='word_1_235' title='bbox 1139 2429 1414 2481; x_wconf 85' lang='lat' dir='ltr'>infirmitatis,</span> <span class='ocrx_word' id='word_1_236' title='bbox 1455 2430 1680 2482; x_wconf 79' lang='lat' dir='ltr'>naufragii,</span> <span class='ocrx_word' id='word_1_237' title='bbox 1723 2430 1958 2471; x_wconf 89' lang='lat' dir='ltr'>obsidionis</span> 
     </span>
    </p>
   </div>
   <div class='ocr_carea' id='block_1_3' title="bbox 334 2532 864 2536">
    <p class='ocr_par' dir='ltr' id='par_1_9' title="bbox 334 2532 864 2536">
     <span class='ocr_line' id='line_1_30' title="bbox 334 2532 864 2536; baseline 0 0"><span class='ocrx_word' id='word_1_238' title='bbox 334 2532 864 2536; x_wconf 95' lang='lat' dir='ltr'> </span> 
     </span>
    </p>
   </div>
   <div class='ocr_carea' id='block_1_4' title="bbox 329 2577 1960 2858">
    <p class='ocr_par' dir='ltr' id='par_1_10' title="bbox 329 2577 1960 2858">
     <span class='ocr_line' id='line_1_31' title="bbox 474 2577 1960 2623; baseline 0.003 -13"><span class='ocrx_word' id='word_1_239' title='bbox 474 2577 488 2610; x_wconf 93' lang='lat'>1</span> <span class='ocrx_word' id='word_1_240' title='bbox 518 2577 586 2610; x_wconf 85' lang='lat' dir='ltr'>fuit</span> <span class='ocrx_word' id='word_1_241' title='bbox 612 2580 653 2611; x_wconf 82' lang='lat' dir='ltr'>A.</span> <span class='ocrx_word' id='word_1_242' title='bbox 776 2578 796 2610; x_wconf 77' lang='lat'>2</span> <span class='ocrx_word' id='word_1_243' title='bbox 824 2578 938 2621; x_wconf 86' lang='lat' dir='ltr'>ipsum</span> <span class='ocrx_word' id='word_1_244' title='bbox 968 2580 1009 2612; x_wconf 78' lang='grc' dir='ltr'>Β.</span> <span class='ocrx_word' id='word_1_245' title='bbox 1144 2579 1164 2613; x_wconf 82' lang='grc'>8</span> <span class='ocrx_word' id='word_1_246' title='bbox 1192 2579 1252 2613; x_wconf 83' lang='lat' dir='ltr'>dat</span> <span class='ocrx_word' id='word_1_247' title='bbox 1279 2582 1320 2614; x_wconf 86' lang='lat' dir='ltr'>B.</span> <span class='ocrx_word' id='word_1_248' title='bbox 1443 2581 1463 2613; x_wconf 88' lang='lat'>9</span> <span class='ocrx_word' id='word_1_249' title='bbox 1484 2586 1567 2623; x_wconf 70' lang='lat' dir='ltr'>post</span> <span class='ocrx_word' id='word_1_250' title='bbox 1592 2580 1792 2614; x_wconf 87' lang='lat' dir='ltr'>obiciuntur</span> <span class='ocrx_word' id='word_1_251' title='bbox 1818 2582 1900 2614; x_wconf 76' lang='lat' dir='ltr'>add.</span> <span class='ocrx_word' id='word_1_252' title='bbox 1930 2582 1960 2613; x_wconf 79' lang='grc' dir='ltr'><em>Β</em></span> 
     </span>
     <span class='ocr_line' id='line_1_32' title="bbox 330 2635 1958 2684; baseline 0.002 -16"><span class='ocrx_word' id='word_1_253' title='bbox 330 2635 528 2669; x_wconf 86' lang='lat' dir='ltr'>multorum.</span> <span class='ocrx_word' id='word_1_254' title='bbox 618 2637 660 2670; x_wconf 87' lang='grc'>10</span> <span class='ocrx_word' id='word_1_255' title='bbox 686 2637 749 2679; x_wconf 81' lang='lat' dir='ltr'>ait]</span> <span class='ocrx_word' id='word_1_256' title='bbox 777 2637 898 2671; x_wconf 84' lang='lat' dir='ltr'>dicens</span> <span class='ocrx_word' id='word_1_257' title='bbox 924 2639 967 2673; x_wconf 89' lang='lat' dir='ltr'>B.</span> <span class='ocrx_word' id='word_1_258' title='bbox 1050 2639 1090 2672; x_wconf 83' lang='lat'>13</span> <span class='ocrx_word' id='word_1_259' title='bbox 1117 2638 1203 2672; x_wconf 83' lang='lat' dir='ltr'>item</span> <span class='ocrx_word' id='word_1_260' title='bbox 1230 2651 1294 2672; x_wconf 82' lang='lat' dir='ltr'>om.</span> <span class='ocrx_word' id='word_1_261' title='bbox 1322 2641 1365 2673; x_wconf 87' lang='lat' dir='ltr'>B.</span> <span class='ocrx_word' id='word_1_262' title='bbox 1450 2645 1531 2682; x_wconf 69' lang='lat' dir='ltr'>post</span> <span class='ocrx_word' id='word_1_263' title='bbox 1557 2639 1703 2674; x_wconf 85' lang='lat' dir='ltr'>canibus</span> <span class='ocrx_word' id='word_1_264' title='bbox 1730 2642 1812 2675; x_wconf 77' lang='lat' dir='ltr'>add.</span> <span class='ocrx_word' id='word_1_265' title='bbox 1844 2642 1873 2673; x_wconf 75' lang='grc' dir='ltr'><em>Β</em></span> <span class='ocrx_word' id='word_1_266' title='bbox 1900 2639 1958 2684; x_wconf 93' lang='lat' dir='ltr'>qui</span> 
     </span>
     <span class='ocr_line' id='line_1_33' title="bbox 329 2695 1957 2742; baseline 0.003 -15"><span class='ocrx_word' id='word_1_267' title='bbox 329 2706 397 2728; x_wconf 89' lang='lat' dir='ltr'>non</span> <span class='ocrx_word' id='word_1_268' title='bbox 423 2695 531 2728; x_wconf 80' lang='lat' dir='ltr'>habet</span> <span class='ocrx_word' id='word_1_269' title='bbox 556 2698 591 2729; x_wconf 80' lang='lat' dir='ltr'>et</span> <span class='ocrx_word' id='word_1_270' title='bbox 617 2708 679 2740; x_wconf 83' lang='lat' dir='ltr'>per</span> <span class='ocrx_word' id='word_1_271' title='bbox 704 2698 889 2740; x_wconf 76' lang='lat' dir='ltr'>peecatum</span> <span class='ocrx_word' id='word_1_272' title='bbox 915 2709 935 2731; x_wconf 84' lang='lat' dir='ltr'>a</span> <span class='ocrx_word' id='word_1_273' title='bbox 961 2708 999 2731; x_wconf 89' lang='lat' dir='ltr'>se</span> <span class='ocrx_word' id='word_1_274' title='bbox 1026 2697 1177 2740; x_wconf 79' lang='lat' dir='ltr'>fugavit.</span> <span class='ocrx_word' id='word_1_275' title='bbox 1316 2698 1357 2732; x_wconf 85' lang='lat'>15</span> <span class='ocrx_word' id='word_1_276' title='bbox 1383 2698 1657 2742; x_wconf 81' lang='lat' dir='ltr'>baptizaverunt</span> <span class='ocrx_word' id='word_1_277' title='bbox 1685 2701 1726 2733; x_wconf 85' lang='grc' dir='ltr'>Α.</span> <span class='ocrx_word' id='word_1_278' title='bbox 1863 2700 1902 2732; x_wconf 90' lang='grc'>16</span> <span class='ocrx_word' id='word_1_279' title='bbox 1930 2699 1957 2732; x_wconf 90' lang='lat' dir='ltr'>si</span> 
     </span>
     <span class='ocr_line' id='line_1_34' title="bbox 330 2754 1960 2802; baseline 0.003 -16"><span class='ocrx_word' id='word_1_280' title='bbox 330 2765 412 2787; x_wconf 84' lang='lat' dir='ltr'>vero</span> <span class='ocrx_word' id='word_1_281' title='bbox 440 2754 475 2787; x_wconf 90' lang='lat' dir='ltr'>in</span> <span class='ocrx_word' id='word_1_282' title='bbox 501 2755 641 2788; x_wconf 87' lang='lat' dir='ltr'>nomine</span> <span class='ocrx_word' id='word_1_283' title='bbox 668 2754 787 2789; x_wconf 85' lang='lat' dir='ltr'>Patris</span> <span class='ocrx_word' id='word_1_284' title='bbox 813 2758 848 2789; x_wconf 75' lang='lat' dir='ltr'>et</span> <span class='ocrx_word' id='word_1_285' title='bbox 872 2755 952 2790; x_wconf 85' lang='lat' dir='ltr'>Filii</span> <span class='ocrx_word' id='word_1_286' title='bbox 980 2768 1067 2800; x_wconf 82' lang='lat' dir='ltr'>quos</span> <span class='ocrx_word' id='word_1_287' title='bbox 1094 2756 1334 2801; x_wconf 79' lang='lat' dir='ltr'>baptizabant.</span> <span class='ocrx_word' id='word_1_288' title='bbox 1363 2757 1464 2791; x_wconf 88' lang='lat' dir='ltr'>Unde</span> <span class='ocrx_word' id='word_1_289' title='bbox 1491 2760 1532 2791; x_wconf 91' lang='lat' dir='ltr'>B.</span> <span class='ocrx_word' id='word_1_290' title='bbox 1697 2758 1741 2791; x_wconf 83' lang='lat'>23</span> <span class='ocrx_word' id='word_1_291' title='bbox 1769 2758 1883 2802; x_wconf 85' lang='lat' dir='ltr'>possit</span> <span class='ocrx_word' id='word_1_292' title='bbox 1908 2770 1960 2791; x_wconf 88' lang='lat' dir='ltr'>ce-</span> 
     </span>
     <span class='ocr_line' id='line_1_35' title="bbox 329 2812 1666 2858; baseline 0.005 -13"><span class='ocrx_word' id='word_1_293' title='bbox 329 2812 459 2846; x_wconf 85' lang='lat' dir='ltr'>lebrari</span> <span class='ocrx_word' id='word_1_294' title='bbox 486 2825 550 2847; x_wconf 83' lang='lat' dir='ltr'>om.</span> <span class='ocrx_word' id='word_1_295' title='bbox 579 2816 621 2847; x_wconf 85' lang='lat' dir='ltr'>R·</span> <span class='ocrx_word' id='word_1_296' title='bbox 718 2814 762 2847; x_wconf 79' lang='lat'>28</span> <span class='ocrx_word' id='word_1_297' title='bbox 784 2820 865 2858; x_wconf 73' lang='lat' dir='ltr'>post</span> <span class='ocrx_word' id='word_1_298' title='bbox 891 2815 921 2849; x_wconf 83' lang='lat' dir='ltr'>si</span> <span class='ocrx_word' id='word_1_299' title='bbox 948 2817 1031 2849; x_wconf 79' lang='lat' dir='ltr'>add.</span> <span class='ocrx_word' id='word_1_300' title='bbox 1060 2817 1092 2849; x_wconf 84' lang='grc' dir='ltr'><em>Β</em></span> <span class='ocrx_word' id='word_1_301' title='bbox 1118 2827 1212 2851; x_wconf 87' lang='lat' dir='ltr'>vero.</span> <span class='ocrx_word' id='word_1_302' title='bbox 1311 2816 1505 2850; x_wconf 84' lang='lat' dir='ltr'>obsidionis</span> <span class='ocrx_word' id='word_1_303' title='bbox 1531 2829 1595 2852; x_wconf 84' lang='lat' dir='ltr'>om.</span> <span class='ocrx_word' id='word_1_304' title='bbox 1625 2819 1666 2852; x_wconf 86' lang='lat' dir='ltr'>B.</span> 
     </span>
    </p>
   </div>
   <div class='ocr_carea' id='block_1_5' title="bbox 337 2907 865 2910">
    <p class='ocr_par' dir='ltr' id='par_1_11' title="bbox 337 2907 865 2910">
     <span class='ocr_line' id='line_1_36' title="bbox 337 2907 865 2910; baseline 0 0"><span class='ocrx_word' id='word_1_305' title='bbox 337 2907 865 2910; x_wconf 95' lang='lat' dir='ltr'> </span> 
     </span>
    </p>
   </div>
   <div class='ocr_carea' id='block_1_6' title="bbox 471 2959 1957 3181">
    <p class='ocr_par' dir='ltr' id='par_1_12' title="bbox 473 2959 1957 3064">
     <span class='ocr_line' id='line_1_37' title="bbox 473 2959 1957 3005; baseline 0.005 -12"><span class='ocrx_word' id='word_1_306' title='bbox 473 2959 485 2977; x_wconf 74' lang='lat'><strong>¹</strong></span> <span class='ocrx_word' id='word_1_307' title='bbox 512 2960 609 2994; x_wconf 81' lang='lat' dir='ltr'>Pan.</span> <span class='ocrx_word' id='word_1_308' title='bbox 631 2961 656 3001; x_wconf 91' lang='lat' dir='ltr'>I,</span> <span class='ocrx_word' id='word_1_309' title='bbox 680 2961 739 3001; x_wconf 78' lang='lat'>31;</span> <span class='ocrx_word' id='word_1_310' title='bbox 768 2973 796 2995; x_wconf 82' lang='lat' dir='ltr'>c.</span> <span class='ocrx_word' id='word_1_311' title='bbox 818 2961 873 2994; x_wconf 82' lang='lat'>26.</span> <span class='ocrx_word' id='word_1_312' title='bbox 901 2961 943 2994; x_wconf 87' lang='lat' dir='ltr'>de</span> <span class='ocrx_word' id='word_1_313' title='bbox 964 2973 1060 2995; x_wconf 86' lang='lat' dir='ltr'>cons.</span> <span class='ocrx_word' id='word_1_314' title='bbox 1082 2962 1113 2997; x_wconf 86' lang='lat' dir='ltr'>d.</span> <span class='ocrx_word' id='word_1_315' title='bbox 1134 2964 1172 3005; x_wconf 76' lang='lat'>43</span> <span class='ocrx_word' id='word_1_316' title='bbox 1201 2962 1244 2995; x_wconf 85' lang='lat' dir='ltr'>ad</span> <span class='ocrx_word' id='word_1_317' title='bbox 1266 2962 1330 2996; x_wconf 91' lang='lat' dir='ltr'>loc.</span> <span class='ocrx_word' id='word_1_318' title='bbox 1352 2962 1493 2999; x_wconf 82' lang='lat' dir='ltr'>Gelas.</span> <span class='ocrx_word' id='word_1_319' title='bbox 1515 2963 1559 2998; x_wconf 81' lang='lat' dir='ltr'>of.</span> <span class='ocrx_word' id='word_1_320' title='bbox 1581 2975 1610 2998; x_wconf 84' lang='lat' dir='ltr'>e.</span> <span class='ocrx_word' id='word_1_321' title='bbox 1632 2964 1685 3000; x_wconf 81' lang='grc'>30,</span> <span class='ocrx_word' id='word_1_322' title='bbox 1709 2964 1739 2998; x_wconf 89' lang='lat' dir='ltr'>d.</span> <span class='ocrx_word' id='word_1_323' title='bbox 1762 2976 1855 3000; x_wconf 81' lang='lat' dir='ltr'>cons.</span> <span class='ocrx_word' id='word_1_324' title='bbox 1879 2965 1910 2999; x_wconf 90' lang='lat' dir='ltr'>d.</span> <span class='ocrx_word' id='word_1_325' title='bbox 1926 2970 1957 3000; x_wconf 88' lang='lat'>4.</span> 
     </span>
     <span class='ocr_line' id='line_1_38' title="bbox 473 3018 921 3064; baseline 0.004 -12"><span class='ocrx_word' id='word_1_326' title='bbox 473 3018 485 3036; x_wconf 78' lang='lat'><strong>²</strong></span> <span class='ocrx_word' id='word_1_327' title='bbox 511 3019 753 3061; x_wconf 83' lang='lat' dir='ltr'>Rolandus,</span> <span class='ocrx_word' id='word_1_328' title='bbox 782 3031 814 3064; x_wconf 91' lang='lat' dir='ltr'>p.</span> <span class='ocrx_word' id='word_1_329' title='bbox 842 3020 921 3055; x_wconf 82' lang='lat'>210.</span> 
     </span>
    </p>

    <p class='ocr_par' dir='ltr' id='par_1_13' title="bbox 474 3077 1285 3121">
     <span class='ocr_line' id='line_1_39' title="bbox 474 3077 1285 3121; baseline 0.006 -10"><span class='ocrx_word' id='word_1_330' title='bbox 474 3077 486 3095; x_wconf 53' lang='grc' dir='ltr'>’ὓ</span> <span class='ocrx_word' id='word_1_331' title='bbox 511 3078 610 3112; x_wconf 85' lang='lat' dir='ltr'>Pan.</span> <span class='ocrx_word' id='word_1_332' title='bbox 638 3080 662 3119; x_wconf 88' lang='lat' dir='ltr'>l,</span> <span class='ocrx_word' id='word_1_333' title='bbox 691 3080 751 3121; x_wconf 79' lang='lat'>21;</span> <span class='ocrx_word' id='word_1_334' title='bbox 780 3092 808 3113; x_wconf 91' lang='lat' dir='ltr'>c.</span> <span class='ocrx_word' id='word_1_335' title='bbox 839 3081 891 3120; x_wconf 78' lang='lat'>17,</span> <span class='ocrx_word' id='word_1_336' title='bbox 922 3079 975 3114; x_wconf 80' lang='lat'>18.</span> <span class='ocrx_word' id='word_1_337' title='bbox 1004 3080 1045 3114; x_wconf 88' lang='lat' dir='ltr'>de</span> <span class='ocrx_word' id='word_1_338' title='bbox 1071 3092 1167 3116; x_wconf 80' lang='lat' dir='ltr'>cons,</span> <span class='ocrx_word' id='word_1_339' title='bbox 1195 3081 1226 3114; x_wconf 88' lang='lat' dir='ltr'>d.</span> <span class='ocrx_word' id='word_1_340' title='bbox 1252 3082 1285 3116; x_wconf 87' lang='lat'>4.</span> 
     </span>
    </p>

    <p class='ocr_par' dir='ltr' id='par_1_14' title="bbox 471 3136 1203 3181">
     <span class='ocr_line' id='line_1_40' title="bbox 471 3136 1203 3181; baseline 0.005 -10"><span class='ocrx_word' id='word_1_341' title='bbox 471 3136 484 3154; x_wconf 69' lang='lat'>⁴</span> <span class='ocrx_word' id='word_1_342' title='bbox 511 3138 595 3172; x_wconf 82' lang='lat' dir='ltr'>Pan</span> <span class='ocrx_word' id='word_1_343' title='bbox 638 3139 661 3181; x_wconf 75' lang='grc' dir='ltr'>Ι,</span> <span class='ocrx_word' id='word_1_344' title='bbox 695 3140 749 3179; x_wconf 81' lang='grc'><strong>19;</strong></span> <span class='ocrx_word' id='word_1_345' title='bbox 780 3151 807 3173; x_wconf 84' lang='lat' dir='ltr'>c.</span> <span class='ocrx_word' id='word_1_346' title='bbox 839 3140 892 3173; x_wconf 91' lang='grc'><strong>16.</strong></span> <span class='ocrx_word' id='word_1_347' title='bbox 919 3139 962 3173; x_wconf 84' lang='lat' dir='ltr'>de</span> <span class='ocrx_word' id='word_1_348' title='bbox 989 3151 1082 3174; x_wconf 84' lang='lat' dir='ltr'>cons.</span> <span class='ocrx_word' id='word_1_349' title='bbox 1111 3140 1142 3174; x_wconf 88' lang='lat' dir='ltr'>d.</span> <span class='ocrx_word' id='word_1_350' title='bbox 1169 3141 1203 3175; x_wconf 84' lang='lat'>4.</span> 
     </span>
    </p>
   </div>
  </div>
 </body>
</html>
