2106 3453
6 662 24 687 f.
38 663 71 688 93
90 661 126 687 νο.

499 251 690 286 Tractatus
716 252 776 288 IV.
827 252 880 286 De
906 255 1129 287 sacramento
1156 253 1422 288 incarnationis.
1710 253 1781 288 91*

145 351 317 394 animae
362 354 618 405 coniunctio,
665 355 772 397 sicut
818 348 1165 410 Hieronymus
1210 357 1270 399 ad
1317 356 1584 399 Paulinum
1629 357 1781 398 dicit:l

147 430 348 479 ,Verbum
384 430 458 471 Dei
491 431 615 471 simul
649 432 842 474 animam
876 435 917 474 et
939 446 1094 485 corpus
1118 433 1319 486 suscepit.
1382 433 1426 474 Si
1452 434 1565 474 enim
1589 433 1781 475 animam

146 507 314 546 tantum
349 506 616 558 sumpsisset,
650 520 927 560 nequaquam
962 509 1125 550 mundo
1160 508 1336 549 visibilis
1363 508 1648 561 apparuisset,
1684 522 1780 550 cum

146 581 366 622 invisibilis
398 582 633 623 secundum
673 586 904 636 utrumque
931 584 1092 627 fuisset.
1165 585 1209 625 Si
1237 587 1382 626 autem
1412 598 1568 637 corpus
1596 587 1780 635 tantum,

147 656 385 707 indigniore
429 661 652 710 assumpta
682 660 686 710 Ι
716 659 950 710 digniorem
998 663 1198 701 naturam
1244 661 1498 713 reliquisset,
1540 660 1656 713 quod
1690 673 1781 701 cre·
1803 674 1818 699 5

146 733 246 774 dere
288 733 406 774 nefas
452 737 543 775 est‘.
607 735 658 775 Et
700 735 801 777 alibi
842 736 956 777 idem
992 736 1388 790 Hieronymus2:
1437 737 1639 786 ,Verbum
1668 736 1781 778 Deus

146 811 209 850 est
241 811 282 849 et
315 822 401 850 non
434 823 548 860 caro,
591 824 856 864 quamquam
896 825 1068 854 carnem
1104 813 1342 855 animatam
1376 813 1590 865 suscepit‘.
1631 838 1676 842 -
1715 812 1783 853 Sic

145 897 245 937 ergo
278 885 405 926 simul
439 899 609 927 carnem
655 890 696 928 et
729 888 919 928 animam
955 889 1155 941 suscepit,
1196 889 1351 941 quibus
1386 889 1439 931 ab
1474 889 1567 941 ipsa
1600 902 1783 941 concep-

146 960 261 1001 tione
294 974 420 1002 verus
454 962 583 1002 homo
617 965 659 1003 et
691 963 905 1015 perfectus
938 964 1028 1006 fuit.
1093 965 1178 1006 Sed
1211 965 1244 1005 si
1280 967 1544 1018 opponatur:
1603 965 1647 1006 Si
1681 968 1783 1006 tunc

145 1037 358 1090 perfectus
391 1036 536 1088 homo,
577 1039 761 1080 formam
796 1040 1030 1082 humanam
1066 1041 1268 1091 habehat,
1312 1055 1390 1083 nec
1424 1042 1662 1091 confusam,
1709 1041 1780 1082 sed

145 1113 410 1162 distinctan];
436 1115 573 1156 ...sed
596 1128 682 1156 non
705 1116 763 1157 ita
787 1117 980 1169 plenarie
1003 1120 1044 1158 et
1064 1119 1249 1170 perfecte
1272 1118 1516 1159 distinctam
1539 1132 1616 1171 per
1637 1117 1782 1159 omnia

145 1190 407 1232 lineamenta
447 1191 757 1241 membrorum,
805 1193 915 1234 sicut
954 1194 995 1234 in
1034 1194 1119 1234 fine
1157 1194 1445 1246 quadraginta
1487 1208 1560 1236 sex
1602 1195 1767 1236 dierum

289 1268 327 1307 9.
381 1268 504 1309 Item
576 1269 866 1320 quaeritur,
923 1270 962 1311 si
1020 1270 1255 1312 Christus
1305 1272 1475 1324 potuit
1526 1274 1781 1324 peccare-3.

146 1342 470 1395 Augustinus
504 1344 548 1384 in
576 1344 726 1386 Libro
759 1345 1086 1388 Trinitatis4:
1139 1347 1310 1389 Christo
1346 1348 1420 1389 Dei
1454 1348 1558 1389 Filio
1592 1348 1689 1390 licet
1721 1349 1783 1389 in-

146 1421 267 1471 tegra
312 1419 389 1460 fuit
434 1419 610 1462 libertas
656 1421 834 1472 arbitrii,
879 1423 1114 1465 divinitatis
1147 1427 1294 1465 tamen
1326 1424 1594 1478 plenitudine
1628 1425 1783 1466 confir-

147 1498 291 1537 matus
324 1509 504 1548 peccare
546 1497 790 1540 nullatenus
832 1500 986 1552 potuit.
1050 1500 1272 1553 Prosper
1309 1501 1355 1542 in
1389 1501 1539 1542 Libro
1573 1501 1631 1542 de
1664 1515 1781 1542 con-

148 1572 452 1624 templativa
498 1573 655 1616 vitass:
723 1575 927 1625 ,Tristitia
973 1589 1102 1628 quam
1151 1577 1302 1618 hahuit
1347 1577 1554 1627 Christus,
1601 1591 1687 1618 non
1733 1592 1783 1619 ex

147 1648 236 1689 suis
274 1649 462 1701 peccatis
507 1651 703 1700 accessit;
750 1665 849 1693 nam
891 1652 1093 1693 immunis
1131 1667 1157 1694 a
1195 1654 1383 1706 peccatis
1416 1657 1662 1707 conceptus,
1696 1668 1782 1695 non

148 1726 287 1766 solum
321 1739 407 1766 non
441 1727 649 1779 peccavit,
682 1729 757 1768 sed
792 1729 920 1769 etiam
955 1742 1040 1769 non
1073 1742 1253 1782 peccare
1286 1730 1454 1782 potuit‘.

292 1801 377 1843 Sed
399 1804 549 1844 contra
570 1804 797 1855 probatur:
833 1804 994 1846 Habuit
1015 1805 1195 1846 liberum
1218 1806 1456 1856 arbitrium,
1480 1819 1580 1857 ergo
1602 1806 1784 1847 liberum

148 1877 201 1918 de
246 1878 467 1919 voluntate
512 1878 733 1931 iudicium;
780 1883 820 1921 et
866 1881 925 1921 sic
969 1882 1110 1933 potuit
1155 1882 1267 1923 flecti
1311 1883 1368 1923 ad
1415 1882 1591 1923 malum.
1656 1883 1783 1924 Item

148 1953 343 1994 Christus
381 1955 547 2007 accepit
586 1954 821 1997 humanam
863 1959 1063 1998 naturam
1098 1957 1137 1998 in
1179 1971 1229 1998 eo
1263 1960 1392 2008 statu,
1427 1959 1468 1998 in
1503 1972 1588 2011 quo
1622 1959 1784 2011 primus

148 2029 279 2070 homo
325 2029 402 2071 fuit
443 2033 625 2082 creatus,
671 2033 747 2072 sed
791 2032 830 2073 in
876 2033 957 2074 hoc
999 2036 1114 2075 statu
1157 2034 1234 2075 suit
1274 2037 1443 2077 creatus
1478 2034 1634 2085 Adam,
1668 2035 1784 2088 quod

149 2106 290 2159 potuit
321 2119 514 2159 peccare.
577 2107 702 2149 Item
737 2108 933 2150 Christus
966 2110 1106 2162 potuit
1139 2123 1225 2151 non
1258 2110 1385 2160 mori3
1429 2111 1505 2152 sed
1536 2111 1676 2152 Patris
1711 2124 1784 2152 vo-

147 2184 291 2225 luntas
324 2186 429 2234 erat,
464 2187 509 2224 ut
541 2188 795 2226 moreretur.
860 2186 970 2238 Ergo
1003 2187 1144 2239 potuit
1176 2200 1263 2228 non
1297 2187 1501 2229 oboedire
1534 2187 1677 2229 Patris
1710 2201 1784 2228 vo-
1805 2201 1820 2225 <2

148 2260 303 2302 luntati
335 2260 481 2313 sicque
512 2261 705 2313 potuisse
739 2275 917 2324 peccare
951 2264 1131 2305 videtur.

290 2420 310 2454 3
333 2426 415 2464 post
441 2421 654 2466 sumpsisset
679 2424 762 2456 add.
779 2424 811 2455 A
831 2424 877 2458 et.
975 2423 996 2456 4
1023 2422 1164 2465 fuisset]
1192 2423 1288 2457 foret
1303 2424 1343 2456 R.
1449 2424 1470 2457 8
1497 2425 1594 2467 ergo]
1617 2424 1728 2466 igitur
1742 2426 1784 2458 B.

153 2480 188 2513 ll
222 2482 386 2513 lacunam
415 2482 585 2514 indicavit
613 2483 824 2524 Raeumlcer,
850 2484 912 2526 qui
937 2483 1059 2515 verba:
1093 2482 1279 2516 dicendum
1308 2483 1399 2527 quod
1420 2484 1572 2517 formam
1593 2483 1783 2517 humanam

150 2539 291 2583 quidem
318 2539 473 2573 habebat
500 2542 536 2574 et
562 2540 767 2574 distinctam
797 2543 847 2574 cel
873 2543 1009 2574 similia
1030 2543 1182 2585 supplet.
1261 2542 1301 2575 17
1328 2542 1515 2576 tristitiam
1533 2545 1575 2578 A.
1653 2543 1694 2576 19
1715 2555 1784 2577 non

150 2600 244 2632 Pom.
271 2610 336 2632 nec
363 2602 393 2632 A
409 2600 450 2633 B.
566 2599 610 2633 24
636 2601 778 2644 poterat
805 2602 846 2634 B.
964 2600 1039 2642 sed]
1068 2603 1106 2634 at
1133 2603 1174 2635 B.
1297 2601 1342 2634 25
1364 2607 1445 2645 post
1470 2604 1510 2635 ut
1536 2605 1618 2636 add.
1648 2605 1679 2637 B
1704 2615 1784 2637 non.

295 2753 304 2771 ¹
332 2754 371 2787 In
399 2754 562 2798 epistolis
596 2754 646 2789 St.
674 2754 931 2799 Hieronymi
957 2756 1000 2790 ad
1027 2755 1259 2790 Paulinum
1288 2759 1355 2801 (ep.
1384 2757 1437 2797 53,
1466 2756 1521 2797 58,
1549 2756 1603 2792 85.
1633 2757 1700 2790 PL.
1728 2757 1783 2798 22,

152 2813 232 2854 540,
259 2813 337 2853 579,
366 2813 445 2855 752)
473 2813 531 2847 hic
556 2814 654 2848 locus
680 2826 748 2848 non
775 2814 971 2858 invenitur;
998 2815 1060 2849 sed
1087 2815 1132 2850 cf.
1160 2827 1213 2860 ep.
1242 2816 1296 2850 98.
1329 2816 1409 2857 (PL.
1438 2817 1492 2856 22,
1521 2816 1588 2849 792
1615 2818 1717 2860 sqq.).

295 2871 307 2889 ²
333 2872 507 2908 Hieron.
536 2873 596 2918 Ep.
627 2874 646 2907 9
673 2874 780 2912 (inter
805 2886 913 2919 opera
939 2875 1162 2920 suppositia).
1190 2887 1223 2909 n.
1253 2875 1329 2911 XII.
1361 2875 1440 2915 (PL.
1469 2875 1524 2916 30,
1557 2875 1620 2909 135
1640 2876 1695 2918 A).

296 2929 308 2948 ⁸
334 2933 396 2966 SS.
423 2932 449 2965 l.
479 2932 519 2966 18
548 2933 604 2974 (78
622 2934 682 2974 B);
710 2933 822 2968 Petr.
850 2933 987 2969 Lomb.
1015 2937 1107 2970 Sem.
1134 2934 1157 2969 l.
1186 2934 1243 2968 ΙΙΙ.
1272 2934 1303 2969 d.
1334 2935 1385 2968 12.
1414 2946 1442 2968 c.
1471 2934 1502 2969 2.

295 2989 307 3007 ‘²
334 2990 437 3025 Hunc
461 2991 576 3025 locum
603 2992 638 3026 in
663 2992 753 3026 libro
781 2995 831 3027 De
861 2995 989 3027 Trinit.
1018 2994 1053 3028 S.
1079 2994 1319 3037 Augustini
1346 3005 1415 3027 non
1442 2994 1573 3029 inveni.

295 3049 308 3067 ⁶
333 3050 414 3085 Jul.
442 3051 684 3093 Pmnerius,
716 3054 766 3086 De
790 3055 862 3086 vita
887 3055 1156 3097 contemplativa
1183 3053 1220 3086 L.
1248 3053 1308 3089 ΠΙ.
1336 3065 1363 3087 o.
1395 3053 1450 3088 31.
1478 3065 1510 3088 n.
1533 3054 1565 3087 2.
1617 3054 1699 3095 (PL.
1728 3054 1783 3095 59,

154 3110 221 3144 515
249 3109 299 3150 C).

1806 1060 1837 1084 10

1808 1440 1838 1465 15

1805 1820 1838 1844 20
