2106 3453
14 1382 81 1406 1143
91 1381 121 1407 B.

34 1706 55 1732 f.
77 1707 120 1732 63.

17 2226 84 2252 1143
95 2226 125 2252 C.

585 227 719 261 Contra
748 231 907 267 quatuor
933 229 1167 269 labyrinthos
1195 230 1381 261 Franciae.
1718 226 1811 263 193*

146 328 333 367 Verbum
379 331 418 367 et
464 330 602 369 anima
647 332 688 369 et
732 344 842 378 caro,
889 331 1131 370 crucifixum
1178 334 1316 371 tamen
1360 333 1401 370 et
1439 332 1664 382 sepultum,
1712 345 1802 370 cum

147 393 237 432 sola
270 394 360 432 eius
394 408 490 433 caro
525 396 692 446 sepulta
725 396 810 435 sit‘.

290 459 422 497 Idem
457 462 630 499 contra
665 461 1022 501 Felicianum1:
1058 461 1298 512 ,Ingressus
1332 464 1396 500 est
1430 461 1604 512 virginis
1639 464 1804 500 uterum

150 523 222 562 Dei
270 524 413 571 Filius,
460 527 504 563 ut
548 526 699 564 iterum
746 529 991 566 nasceretur
1035 529 1131 566 ante
1177 527 1257 566 iam
1304 527 1485 577 genitus,
1535 529 1576 565 et
1620 527 1806 577 suscepit

145 591 277 627 totum
319 589 542 633 hominem.
586 591 657 640 qui
697 591 776 629 iam
818 592 1000 630 habebat
1033 606 1056 630 a
1088 592 1214 631 Patre
1254 592 1541 643 plenissimam
1578 592 1806 631 deitatem‘.

147 653 321 699 ,Salva2
355 654 595 694 individuae
628 655 845 694 Trinitatis
879 657 1187 707 cooperatione.
1231 657 1339 695 idem
1381 656 1459 694 sibi
1494 657 1531 695 in
1570 657 1644 695 hac
1679 657 1807 695 humi-

145 718 261 757 litate
295 721 336 757 et
370 721 515 757 auctor
548 722 589 758 et
621 733 726 771 opus
761 723 839 760 est.
899 721 1012 760 Fecit
1045 735 1210 760 carnem
1246 722 1284 760 in
1321 724 1439 760 ntero
1472 722 1639 760 matris:
1675 722 1806 760 habes

145 785 356 822 auctorem
395 785 552 835 operis3
600 786 638 824 in
676 786 750 824 hac
791 787 905 825 nasci
944 787 1142 836 dignatus
1175 789 1260 826 est:
1302 787 1433 825 hahes
1468 800 1574 837 opus
1608 788 1806 826 auctoris.

146 848 237 887 Una
270 851 407 888 tamen
442 863 622 900 persona
657 853 722 890 est
755 852 873 889 salva
908 853 1127 902 utriusque
1169 852 1425 903 proprietate
1466 852 1729 891 substantiae
1767 854 1808 891 et

144 914 327 954 auctoris
368 917 409 953 et
447 916 616 966 operis„
681 916 883 967 ‚Sicqne3
921 917 961 955 in
1001 931 1046 956 se
1086 918 1220 956 Deum
1263 919 1303 956 et
1342 918 1550 956 hominem
1584 917 1805 968 utriusque

144 992 271 1017 verus
306 980 511 1019 mediator
544 993 619 1019 nec
652 981 864 1031 geminata
896 995 1078 1032 persona
1113 995 1187 1021 nec
1221 983 1394 1021 confusa
1427 983 1665 1021 substantia
1693 996 1807 1020 mon-

144 1044 309 1083 stravit.
373 1045 549 1096 Proprio
583 1046 719 1085 carnis
754 1047 943 1096 gustavit
978 1048 1062 1086 vita
1094 1049 1285 1093 mortem,
1319 1047 1489 1098 proprio
1522 1048 1691 1086 deitatis
1718 1061 1807 1099 per-

142 1111 311 1160 petuam
347 1110 530 1149 reddidit
565 1117 761 1150 carnem‘.
827 1112 976 1157 ,Nam4
1009 1125 1084 1150 nec
1117 1112 1392 1163 temporalem
1427 1112 1689 1151 nativitatem
1723 1113 1803 1163 pri-

142 1187 235 1213 mae
275 1174 387 1213 illius
428 1175 659 1214 nativitatis
700 1177 981 1227 perpetuitate
1022 1178 1272 1216 damnamus
1312 1190 1386 1216 nec
1426 1179 1639 1216 aeternam
1683 1178 1807 1217 huius

142 1239 387 1290 temporalis
428 1240 634 1280 brevitate
675 1242 976 1288 concludimus,
1017 1242 1199 1281 scientes
1239 1244 1327 1281 veri
1366 1242 1439 1281 Dei
1480 1243 1804 1293 inseparabilem

141 1304 301 1355 prolem
349 1307 389 1344 et
436 1305 558 1344 huius
603 1319 727 1345 verae
772 1306 904 1357 prolis
948 1309 1098 1358 postea
1140 1307 1407 1346 verissimam
1451 1312 1647 1347 carnem‘.
1714 1309 1807 1347 Leo

141 1382 266 1420 papa
286 1369 317 1408 ⁵:
355 1369 631 1416 ,Christianae
662 1370 664 1422 1
694 1371 790 1409 fidei
819 1372 1032 1417 fortitudo,
1059 1385 1166 1422 quae
1192 1374 1338 1423 portas
1365 1372 1513 1411 mortis
1536 1386 1614 1411 non
1643 1373 1805 1417 metuit,

143 1448 267 1473 unum
304 1435 525 1474 Dominum
559 1436 695 1475 Iesum
732 1436 941 1476 Christum
985 1439 1025 1476 et
1061 1450 1204 1476 verum
1240 1438 1371 1476 Deum
1417 1439 1457 1476 et
1498 1450 1640 1476 verum
1677 1439 1805 1476 homi-

142 1513 235 1538 nem
283 1500 518 1547 contstetur,
565 1502 745 1540 eundem
789 1503 967 1541 credens
1015 1503 1142 1541 filium
1191 1502 1379 1553 virginis,
1433 1503 1503 1553 qui
1552 1505 1697 1542 auctor
1743 1506 1807 1542 est

141 1564 302 1611 matris,
346 1565 524 1604 eundem
570 1568 711 1605 natum
756 1567 792 1605 in
836 1567 918 1606 fine
961 1568 1240 1613 saeculorum,
1285 1567 1354 1619 qni
1398 1570 1562 1607 creator
1604 1571 1669 1607 est
1706 1571 1806 1608 tem-

140 1643 303 1680 porum,
351 1630 531 1669 eundem
574 1631 794 1670 Dominum
843 1632 1026 1671 omnium
1076 1633 1275 1672 virtutum
1323 1635 1363 1671 et
1411 1646 1536 1671 unum
1583 1633 1633 1671 de
1675 1633 1806 1684 stirpe

142 1695 395 1734 mortalium.
440 1695 682 1735 Catholica⁶
707 1696 815 1736 fides
842 1699 1068 1748 utrumque
1096 1698 1286 1749 suscipit,
1318 1697 1320 1750 Ι
1352 1700 1576 1749 utrumque
1605 1699 1805 1746 defendit,

140 1773 248 1810 quae
305 1761 534 1799 secundum
599 1762 900 1813 proprietatem
968 1764 1135 1802 divinae
1191 1763 1485 1814 humanaeque
1543 1764 1806 1804 substantiae

139 1838 268 1863 unum
315 1825 391 1864 Dei
437 1826 586 1864 Filium
633 1829 674 1866 et
719 1827 926 1866 hominem
973 1829 1107 1867 credit
1151 1831 1192 1867 et
1225 1828 1440 1867 Verbum‘.
1514 1829 1805 1868 Bernardns

140 1889 575 1930 Claraevallensis
609 1892 665 1930 ad
701 1892 973 1942 Eugenium
1007 1893 1234 1944 papam7:
1281 1894 1395 1937 ‚Dico
1428 1894 1467 1932 in
1503 1893 1668 1933 Christo
1702 1894 1799 1932 Ver-

139 1955 251 2001 bum,
293 1955 472 1994 animam
516 1959 555 1995 et
595 1970 763 1996 carnem
802 1957 892 1996 sine
932 1958 1176 1998 confusione
1220 1959 1501 1998 essentiarum
1544 1972 1668 1998 unam
1711 1972 1805 1998 esse

139 2033 378 2070 personam,
423 2022 462 2060 et
504 2023 603 2060 tunc
647 2022 808 2073 absque
850 2023 1109 2073 praeiudicio
1151 2023 1388 2074 personalis
1431 2023 1604 2062 unitatis
1646 2024 1685 2062 in
1729 2037 1806 2062 sua

140 2085 443 2124 numerositate
477 2090 676 2126 manere‘.
742 2087 835 2133 ,1118
867 2090 987 2127 utero
1022 2088 1198 2139 virginis
1232 2088 1471 2127 commixtio
1506 2089 1607 2127 haec
1647 2090 1687 2127 et
1728 2089 1804 2128 fer—

139 2150 340 2189 mentatio
379 2150 488 2189 facta
529 2153 622 2198 est‘,
669 2165 716 2190 ac
756 2152 790 2190 si
838 2152 953 2198 ‚illa9
990 2155 1084 2192 sata
1120 2154 1201 2192 tria
1240 2154 1291 2192 de
1326 2153 1555 2204 Evangelio
1594 2153 1725 2192 mixta
1764 2156 1805 2192 et

139 2215 391 2254 fermentata
421 2215 423 2266 Ι
454 2216 492 2254 in
527 2229 676 2267 panem
711 2221 868 2264 umnn‘,
902 2220 943 2257 et
976 2218 1160 2265 ‚iuxtaw
1192 2232 1410 2257 numerum
1439 2220 1625 2257 satorum
1655 2219 1800 2257 decen-

139 2279 329 2318 tissimae
352 2280 632 2320 distinctionis
654 2282 827 2331 gradus,
856 2296 1052 2329 novum,
1082 2284 1360 2334 antiquum,
1390 2285 1661 2322 aeternum.
1715 2284 1802 2322 No-

140 2358 267 2384 vum:
312 2345 506 2393 animam,
551 2360 659 2397 qnae
694 2348 745 2386 de
784 2348 912 2387 nihilo
947 2351 1087 2388 creata
1126 2351 1224 2388 tunc
1259 2349 1444 2388 creditur
1477 2361 1586 2395 esse,
1620 2362 1712 2387 cum
1746 2349 1801 2387 in-

138 2409 246 2449 fusa.
312 2411 602 2461 Antiquum:
646 2425 827 2462 carnem,
872 2426 980 2464 quae
1023 2427 1075 2452 ex
1111 2415 1242 2453 Adam
1288 2415 1481 2453 traducta
1521 2414 1801 2463 cognoscitur.

283 2554 294 2571 ¹
321 2557 500 2596 August.
533 2558 666 2590 Contra
693 2559 803 2592 Felic.
831 2569 858 2591 c.
887 2560 950 2591 XI.
980 2561 1059 2599 (PL.
1087 2563 1143 2601 42,
1167 2561 1282 2598 1166).

285 2606 298 2624 ²
324 2610 360 2640 L.
389 2619 416 2641 6.
445 2619 472 2641 c.
502 2611 597 2642 XIV.
627 2612 706 2651 (PL.
733 2614 790 2653 42,
814 2614 929 2652 1169).

283 2659 295 2677 ⁸
320 2662 356 2693 L.
385 2672 413 2694 6.
441 2672 519 2702 cap.
548 2664 610 2695 XI.
641 2665 719 2704 (PL.
747 2667 802 2706 42,
825 2666 949 2705 1166):
982 2666 1107 2705 sicque
1133 2675 1169 2697 se
1196 2667 1309 2697 Deum
1337 2669 1370 2697 et
1396 2666 1581 2697 hominem
1612 2667 1803 2706 utriusque

140 2723 249 2746 verus
288 2716 479 2757 Mediator,
515 2726 580 2748 nec
618 2719 802 2757 geminata
841 2728 998 2758 persona
1037 2729 1102 2750 nee
1140 2720 1343 2751 substantia
1383 2720 1532 2751 confusa
1572 2720 1800 2751 monstravit.

139 2767 254 2800 Paulo
281 2773 404 2801 antea:
430 2779 504 2800 uno
530 2773 683 2802 mortem
711 2773 882 2812 gustavit,
911 2773 1025 2803 altero
1053 2775 1216 2804 mortuos
1243 2772 1442 2803 suscitavit.

282 2819 295 2837 ⁴
323 2822 359 2853 L.
387 2831 415 2853 6.
444 2832 472 2854 c.
500 2823 563 2854 XI.
593 2824 672 2864 (PL.
701 2827 894 2865 42,1165).

281 2872 294 2890 ⁵
321 2875 354 2906 S.
382 2876 482 2917 Leo,
509 2876 630 2909 Sermo
658 2880 712 2911 62.
739 2887 817 2918 cap.
846 2879 894 2910 ΙΙ.
923 2879 1002 2918 (PL.
1032 2880 1086 2919 54,
1111 2880 1174 2910 351
1194 2880 1246 2918 A).

281 2926 294 2944 θ
321 2929 419 2969 Leo,
446 2930 568 2963 Sermo
597 2933 649 2964 64.
678 2941 706 2962 6.
735 2932 795 2963 IV.
825 2932 904 2971 (PL.
934 2934 988 2972 54,
1012 2933 1074 2963 361
1096 2933 1148 2971 A).

284 2978 294 2996 ⁷
322 2982 354 3013 S.
382 2982 594 3014 Ber-nard.
623 2984 674 3017 De
700 2986 833 3017 consid.
860 2986 896 3016 L.
925 2985 964 3016 V.
994 2994 1022 3016 6.
1050 2985 1113 3015 ΙΧ.
1142 2994 1175 3015 n.
1205 2986 1247 3016 20
1276 2985 1356 3023 (PL.
1388 2985 1463 3024 182,
1486 2986 1552 3015 860
1571 2985 1623 3023 Β).

282 3030 295 3048 ²³
321 3034 358 3064 L.
386 3043 414 3065 6.
443 3043 521 3074 cap.
550 3036 592 3067 X.
620 3045 654 3067 n.
684 3038 738 3068 22.
767 3038 814 3076 (p.
845 3038 908 3068 801
930 3038 983 3075 Β).

281 3082 294 3100 ⁹
319 3086 355 3117 L.
385 3095 412 3117 c.
441 3095 474 3125 p.
503 3088 567 3119 801
587 3088 625 3119 A.
775 3088 802 3105 ¹⁰
828 3090 864 3120 L.
892 3099 920 3120 6.
948 3098 982 3128 p.
1012 3090 1073 3120 801
1096 3089 1131 3120 C.

211 3142 382 3176 Beitrfige
403 3144 464 3175 VII,
483 3144 560 3170 2—3.
599 3146 726 3178 Geyer,
749 3147 826 3171 Sent.
847 3147 958 3172 divinit.
1631 3150 1657 3178 l]

1832 932 1863 956 10

1829 1256 1860 1281 15

1828 1580 1862 1605 20

1823 2231 1857 2255 30
