2106 3453
288 1054 321 1078 10

296 1432 327 1456 15

336 245 381 285 64
390 252 405 270 *
933 242 1139 282 Sententiae
1166 241 1379 282 divinitatis.

337 367 447 407 quae
475 352 686 394 'uniuntur
721 351 910 393 eiusdem
945 363 1036 393 esse
1069 350 1276 393 rationes:
1317 350 1351 390 si
1378 363 1518 391 *unum
1553 349 1803 399 subsistens,
1837 347 1964 389 etiam

337 429 534 478 alterum,
568 427 603 468 si
635 440 768 468 unum
802 429 971 477 natura,
1007 426 1136 468 etiam
1170 426 1367 467 alterum.

479 504 555 545 His
587 503 826 545 rationibus
853 503 1075 556 probatur,
1109 502 1225 555 quod
1255 502 1441 542 Verbum
1475 501 1515 542 iu
1543 501 1755 542 Trinitate
1781 512 1968 553 persona

338 580 441 621 nulli
475 579 632 621 unitur.
697 578 862 629 Quibus
895 577 1156 619 subveniunt
1188 578 1295 619 istae
1328 577 1457 618 etiam
1491 576 1786 618 auctoritates

481 654 590 696 Dicit
623 655 737 695 enim
771 653 1107 704 Augustinus:
1152 653 1226 693 Dei
1267 655 1308 693 et
1347 652 1532 693 hominis
1575 651 1817 693 coniunctio
1858 651 1970 692 facta

338 734 402 772 est
426 732 466 772 in
489 731 674 781 Christo,
702 730 745 770 id
765 733 830 770 est
850 729 1084 770 divinitatis
1112 732 1153 770 et
1180 728 1475 770 humanitatis.
1529 727 1624 768 Non
1654 727 1758 767 dixit
1785 726 1970 775 Christo,

339 807 415 847 sed
456 806 498 847 in
542 806 726 847 Christo.
790 804 925 846 Idem
964 805 1012 845 in
1044 804 1176 845 libro
1208 804 1532 845 Trinitatis1:
1599 802 1851 854 Unigenitus
1898 801 1970 843 Dei

340 882 480 922 Patris
512 894 658 923 veram
694 880 884 922 animam
919 892 1154 932 veramque
1187 892 1361 921 carnem
1396 879 1436 919 in
1471 892 1574 919 suae
1608 878 1843 920 divinitatis
1876 891 1972 930 per-

340 970 448 999 sona
481 957 682 1009 suscepit.
746 956 850 997 Item
882 956 1202 1008 Gregorius-³:
1237 956 1505 1005 ,Incarnatus
1538 955 1667 995 Filius
1702 954 1775 994 Dei
1809 954 1974 995 calcea-

340 1036 409 1074 tus
442 1033 566 1074 nobis
599 1032 802 1085 apparuit
833 1031 1070 1084 suscipiens
1103 1031 1144 1072 in
1172 1044 1251 1073 sua
1278 1031 1502 1072 divinitate
1529 1029 1772 1071 morticinia
1799 1032 1974 1070 nostrae

342 1108 659 1162 corruptionis.‘
724 1108 775 1148 Et
817 1107 1045 1148 Isidorus
1084 1107 1132 1147 in
1179 1107 1310 1147 libro
1356 1106 1424 1148 De
1468 1105 1808 1148 differentiis3
1852 1105 1972 1146 dicit:

343 1184 553 1236 ,Christus
587 1197 637 1225 ex
670 1183 838 1224 duabus
877 1182 1070 1223 subsistit
1111 1182 1290 1233 naturis,
1334 1181 1569 1223 divinitatis
1610 1181 1768 1223 scilicet
1811 1183 1850 1221 et
1893 1180 1973 1221 hu-

343 1260 577 1302 manitatis.
640 1259 744 1301 Inde
776 1259 989 1312 perfectus
1027 1258 1180 1300 dicitur
1213 1258 1339 1309 Deus,
1379 1257 1594 1310 perfectus
1633 1256 1786 1298 dicitur
1828 1256 1973 1304 homo,

345 1337 510 1378 habens
544 1336 586 1376 in
620 1348 664 1376 se
697 1335 913 1386 geminam
947 1334 1235 1375 substantiam
1270 1336 1311 1375 et
1344 1333 1579 1375 divinitatis
1612 1346 1716 1374 suae
1748 1334 1790 1373 et
1822 1332 1977 1373 huma-

347 1412 494 1453 nitatis
526 1414 729 1453 nostrae.‘

486 1488 573 1529 Sed
605 1486 787 1528 occurrit
820 1486 915 1537 hoc,
949 1486 1066 1539 quod
1099 1486 1268 1527 dicitur:
1316 1485 1444 1526 Filius
1477 1485 1550 1526 Dei
1585 1485 1720 1526 univit
1764 1485 1843 1525 sibi
1886 1497 1978 1525 car-

345 1577 458 1606 nem.
522 1564 606 1605 Sed
640 1563 944 1616 respondetur:
979 1562 1074 1603 Non
1108 1562 1187 1603 sibi
1219 1575 1445 1615 personae,
1479 1561 1553 1602 sed
1587 1561 1665 1602 sibi
1699 1564 1883 1602 naturae
1910 1561 1976 1601 vel

345 1639 425 1680 sibi
457 1639 499 1679 in
532 1652 591 1681 se.
654 1639 797 1689 Item,
838 1638 872 1678 si
905 1638 1090 1679 dicatur:
1133 1637 1274 1678 Homo
1300 1639 1378 1678 est
1416 1637 1561 1678 unitus
1602 1638 1701 1687 Deo,
1742 1634 1873 1677 homo
1914 1638 1977 1677 est

348 1715 493 1756 unitus
529 1715 682 1765 Verbo,
716 1716 857 1755 vertat
889 1727 934 1755 se
968 1714 1116 1755 oculus
1133 1714 1194 1756 ad
1233 1713 1548 1766 qualitatem*
1574 1712 1852 1763 nominum,
1886 1725 1972 1753 non

293 1809 308 1833 ε
347 1791 402 1833 ad
441 1790 797 1832 substantiam.
864 1789 1141 1842 Accipiantur
1182 1789 1249 1830 hic
1292 1789 1469 1830 nomina
1513 1802 1563 1829 ex
1605 1788 1822 1829 intellectu
1864 1801 1978 1840 per-

348 1880 521 1917 sonae,
556 1879 641 1907 non
675 1869 909 1915 naturae3
947 1866 1055 1906 sicut
1087 1879 1184 1906 cum
1218 1865 1390 1906 dicitur:
1427 1865 1568 1905 Homo
1604 1868 1667 1906 est
1701 1864 1838 1906 forma
1866 1864 1976 1904 indi-

350 1943 595 1993 viduorum,
623 1942 781 1983 risibile
803 1942 1024 1995 proprium
1048 1942 1286 1992 hominum,
1310 1941 1571 1992 triangulum
1593 1941 1757 1994 species
1778 1941 1980 1992 figurae&

493 2152 509 2185 1
533 2151 762 2187 eiusdem...
789 2150 991 2185 subsistens
1023 2152 1115 2183 deest
1141 2152 1179 2183 ‘iu
1208 2151 1250 2184 B.
1276 2155 1423 2193 propter
1448 2151 1642 2183 scissuram
1663 2150 1757 2192 foliae',
1783 2161 1850 2192 qua
1879 2152 1980 2183 etlam

351 2213 384 2245 In
406 2212 627 2254 sequentibus
646 2212 780 2253 factum
803 2216 863 2250 est,
882 2215 921 2243 ut
941 2211 1111 2253 quaedam
1141 2211 1265 2243 desint.
1364 2208 1485 2251 etiam]
1507 2210 1543 2242 et
1560 2210 1599 2242 R.
1698 2208 1718 2242 2
1748 2208 1869 2252 etiam]
1890 2210 1925 2242 et
1940 2210 1982 2244 B.

350 2271 369 2304 3
384 2270 440 2304 his
461 2296 467 2304 .
485 2298 492 2305 .
509 2296 515 2303 .
531 2269 692 2304 trinitate
712 2271 805 2303 deest
823 2271 861 2303 in.
878 2270 918 2305 R.
1016 2270 1039 2302 4
1064 2268 1186 2302 unitur
1202 2270 1230 2302 Α
1252 2268 1414 2302 uniretur
1432 2270 1461 2302 R
1484 2270 1532 2304 W.
1632 2268 1723 2302 istae
1738 2295 1745 2302 .
1763 2295 1769 2302 .
1786 2294 1793 2302 .
1809 2256 1876 2301 Dei
1891 2269 1982 2301 deest

349 2332 388 2363 ‘in
415 2331 446 2363 B
471 2328 688 2363 subveniunt
723 2330 759 2362 et
791 2328 1027 2362 adversantur
1062 2328 1296 2362 auctoritates
1317 2330 1368 2363 W.
1474 2328 1494 2360 6
1523 2326 1739 2363 Christo
1767 2326 1862 2360 libro
1891 2328 1982 2360 deest

349 2390 386 2421 ‘ln
415 2390 457 2422 R.
599 2388 617 2421 7
656 2387 872 2430 Unigenitus
893 2415 900 2422 .
924 2413 930 2421 .
952 2413 960 2421 .
982 2386 1183 2421 divinitatis
1221 2388 1313 2420 deest
1350 2389 1386 2420 in
1413 2388 1453 2420 B.
1597 2386 1713 2420 9-—10
1751 2385 1925 2420 calciatus
1940 2386 1981 2418 Α.

354 2447 394 2480 16
414 2446 492 2489 hoc]
513 2445 570 2480 his
591 2448 631 2482 B.
734 2447 774 2480 17
795 2445 1053 2490 respondeatur
1068 2448 1109 2480 Β.
1208 2445 1252 2479 20
1279 2445 1322 2479 ad
1350 2444 1601 2488 substantiam]
1623 2444 1666 2478 ad
1687 2457 1750 2480 om.
1769 2447 1809 2479 B.

494 2610 505 2628 ¹
532 2610 635 2645 Hunc
659 2611 774 2645 locum
801 2611 836 2644 in
862 2610 963 2644 libris
989 2609 1039 2644 St.
1061 2609 1304 2653 Augustini
1333 2611 1384 2643 De
1414 2611 1591 2643 Trinitate
1616 2621 1684 2643 non
1712 2609 1840 2643 inveni.

494 2669 507 2687 ²
533 2670 788 2713 Gregorius,
817 2671 980 2703 Humilia
1014 2671 1095 2703 VII.
1122 2672 1160 2702 in
1189 2671 1323 2712 Evcmy.
1349 2681 1382 2703 n.
1403 2669 1435 2710 3,
1465 2669 1545 2711 (PL.
1569 2669 1623 2709 76,
1657 2668 1743 2702 1101
1762 2667 1830 2710 C.):
1870 2668 1984 2701 Incar-

350 2732 457 2763 natus
483 2728 656 2763 Dominus
681 2728 830 2763 veniens
856 2730 959 2772 quasi
985 2727 1166 2762 calceatus
1192 2727 1370 2772 apparuit,
1398 2727 1481 2771 quia
1507 2727 1542 2760 in
1570 2727 1758 2760 divinitate
1784 2738 1849 2761 sua
1874 2738 1983 2760 mor-

351 2788 511 2822 ticinia
536 2790 679 2822 nost-rae
706 2787 944 2831 corruptionis
970 2786 1176 2831 assumpsit.

496 2846 509 2865 3
535 2848 616 2884 Isid.
654 2850 706 2882 De.
732 2850 810 2891 diff.
838 2847 876 2881 L.
905 2847 946 2882 11.
968 2858 997 2882 o.
1024 2846 1056 2882 8.
1083 2858 1116 2881 n.
1144 2846 1199 2882 23.
1222 2847 1267 2881 24
1294 2846 1375 2887 (PL.
1403 2846 1459 2887 83,
1485 2847 1526 2880 74
1543 2849 1602 2885 A):
1647 2846 1721 2880 Nos
1760 2857 1803 2879 ex
1832 2856 1901 2879 una
1927 2857 1984 2888 ge-

352 2907 536 2941 neratione
571 2906 811 2948 subsistimus,
848 2906 907 2940 ille
942 2918 986 2939 ex
1022 2905 1169 2945 duabus,
1206 2905 1407 2939 divinitatis
1443 2908 1479 2939 et
1511 2905 1756 2939 humanitatis.
1807 2904 1892 2948 Inde
1919 2906 1984 2943 est,

353 2965 445 3010 quod
480 2966 661 3010 perfectus
696 2966 925 3010 praedicatur
952 2964 1046 2998 Deus
1073 2967 1109 2998 et
1133 2964 1249 3005 homo,
1285 2964 1420 2998 habens
1447 2964 1481 2998 in
1509 2976 1547 2998 se
1573 2964 1811 2998 substantiam
1839 2966 1875 2996 et
1900 2963 1985 2996 divi-

353 3024 479 3058 nitatis
504 3036 589 3058 suae
616 3027 652 3058 et
677 3024 913 3058 humanitatis
939 3026 1094 3057 nostrae.

496 3083 508 3100 ⁴
535 3084 579 3118 cf.
607 3083 792 3118 Grilbert.
821 3084 856 3116 L.
885 3095 913 3117 c.
941 3083 1008 3116 PL.
1038 3083 1091 3122 64,
1123 3083 1269 3116 138212
