2106 3453
296 242 487 276 Tractat-us
513 241 556 274 ΙΙ.
608 241 658 275 De
685 240 862 274 creatione
890 239 993 284 primi
1020 237 1172 272 hominis
1198 240 1234 271 et
1259 238 1301 271 de
1327 237 1438 271 libero
1465 236 1622 272 arbitrio.
1705 237 1748 270 27

143 348 185 388 in
219 349 447 399 peccatore
480 358 557 386 nec
590 344 756 396 plenior
789 345 852 383 est
885 343 925 383 in
959 342 1112 393 angelo
1146 355 1277 394 quam
1305 342 1346 381 in
1374 341 1560 382 homine.
1625 340 1775 381 Sicut1

147 425 262 465 Deus
305 425 346 464 et
385 423 525 463 bonus
566 421 745 472 angelus
787 420 917 461 libere
964 419 1052 460 vult
1087 419 1202 471 quod
1236 419 1338 468 vult,
1383 421 1423 458 et
1456 418 1497 458 in
1531 418 1645 458 bono
1679 431 1774 469 per-

142 501 266 550 sistit,
302 500 361 541 ita
396 499 535 540 malus
569 498 745 549 angelus
779 500 820 538 et
852 498 981 537 homo
1017 496 1146 537 libere
1173 496 1265 536 vult
1297 495 1413 548 quod
1452 495 1555 545 vult,
1591 497 1631 535 et
1658 495 1775 535 nulla

141 578 382 619 extrinseca
416 575 650 624 coactione,
685 575 759 615 secl
793 575 884 614 solo
918 573 1118 626 propriae
1149 572 1380 613 voluntatis
1408 572 1563 612 intuitu
1591 574 1632 612 et
1659 572 1775 611 nullo

142 655 331 707 impulsu
364 653 504 694 alieno
538 652 578 692 in
612 654 837 704 peccatum
873 651 957 691 ruit
983 653 1114 703 atque
1141 651 1181 690 in
1209 650 1386 702 peccato
1415 649 1621 690 consistit.
1679 649 1775 689 Non

142 731 372 785 perfectior
404 732 468 771 est
501 730 542 770 in
578 730 664 770 Deo
698 742 828 781 quam
862 729 902 769 in
938 727 1123 778 homine,
1164 727 1239 768 secl
1278 726 1497 779 potentior
1530 728 1571 766 et
1604 725 1776 766 ordina-

140 809 244 858 tior;
294 821 372 849 nec
405 821 482 860 per
512 808 736 859 peccatum
773 806 977 857 depressa
1011 807 1075 845 est
1107 805 1188 846 ista
1235 804 1409 844 libertas
1446 802 1676 843 voluntatis
1711 803 1775 843 vel

142 886 344 927 voluntas
392 884 600 925 libertatis
645 885 855 935 quantum
902 882 955 922 ad
1002 882 1141 934 ipsam
1187 880 1420 921 voluntatis
1472 879 1775 920 substantiam.

140 964 204 1004 Ita
239 963 349 1004 enim
391 962 567 1002 domina
610 963 651 1001 et
686 960 818 1001 libera
860 961 936 1009 est,
978 962 1023 999 ut
1064 972 1149 999 non
1192 958 1329 1011 possit
1373 957 1470 1009 angi
1516 957 1661 1009 aliqua
1707 970 1777 997 co-

141 1040 325 1081 actione.
389 1039 548 1089 00οᾶ2
580 1040 725 1079 autem
759 1037 955 1077 homines
989 1036 1127 1076 solent
1165 1035 1305 1077 dicere
1338 1034 1664 1087 conquerendo:
1702 1047 1774 1074 vo-

141 1118 284 1158 lumus
318 1117 479 1157 habere
514 1115 782 1156 voluntatem
815 1115 976 1154 bonam
1011 1116 1052 1153 et
1084 1126 1170 1153 non
1212 1125 1457 1164 possumus,
1498 1124 1775 1163 nequaquam

142 1192 396 1246 praescribit
440 1192 537 1232 huic
580 1191 779 1240 libertati,
824 1193 870 1230 ut
912 1189 1214 1230 necessitatem
1248 1188 1440 1241 patiatur
1472 1187 1512 1227 in
1546 1187 1627 1228 hac
1654 1188 1777 1239 parte

143 1270 364 1317 voluntas3
411 1267 486 1308 sed
528 1268 656 1320 plane
697 1267 778 1308 hac
818 1267 1029 1315 libertate,
1076 1278 1187 1317 quae
1227 1264 1380 1305 dicitur
1425 1278 1449 1305 a
1495 1265 1686 1316 peccato,
1733 1276 1778 1303 se

143 1358 290 1387 carere
323 1347 550 1386 testantur.
616 1343 728 1385 Nam
762 1343 833 1395 qui
868 1342 958 1382 vult
984 1342 1144 1383 habere
1178 1341 1335 1382 bonam
1372 1339 1655 1389 voluntatem,
1690 1352 1776 1379 non

142 1421 231 1463 vult
278 1421 438 1462 habere
484 1420 657 1469 bonam,
704 1418 783 1459 nisi
824 1432 901 1471 per
945 1418 1233 1465 voluntatem3
1292 1418 1366 1458 sed
1414 1420 1459 1457 ut
1507 1430 1593 1457 non
1637 1416 1778 1457 valeat

145 1499 304 1540 habere
338 1498 512 1547 bonam,
547 1510 644 1537 cum
676 1496 788 1546 velit,
823 1496 971 1537 deesse
999 1496 1079 1536 sibi
1106 1509 1131 1536 a
1157 1498 1335 1548 peccato
1363 1495 1606 1536 libertatem
1636 1494 1776 1543 sentit,

144 1589 230 1629 quo
264 1575 414 1628 utique
446 1574 582 1627 premi
616 1574 745 1624 dolet,
780 1587 865 1614 non
898 1573 1050 1626 perimi
1084 1573 1366 1613 voluntatem.

286 1653 402 1694 Haec
436 1655 580 1693 autem
615 1651 790 1693 libertas
823 1665 848 1692 a
881 1651 1138 1692 necessitate
1177 1650 1356 1691 liberum
1401 1652 1544 1702 potest
1586 1649 1667 1689 (1101
1710 1662 1778 1690 ar-

143 1731 331 1781 bitrium,
365 1730 541 1771 libertas
573 1743 599 1770 a
630 1732 808 1781 peccato
843 1729 1022 1770 liberum
1058 1728 1296 1778 consilium,
1341 1727 1515 1769 libertas
1548 1741 1573 1768 a
1608 1726 1778 1766 miseria

142 1808 323 1849 liberum
387 1807 690 1859 complacitum
709 1809 736 1849 3.
864 1806 999 1848 Liberi
1047 1805 1210 1847 arbitrii
1263 1808 1326 1846 est
1372 1804 1603 1857 vutriusque
1641 1803 1812 1856 partis2

284 1923 304 1957 2
331 1923 444 1956 bonus
475 1922 571 1956 Deus
598 1923 634 1955 et
659 1921 809 1966 angelus
830 1922 870 1956 B.
974 1921 1014 1955 1⁴2
1042 1918 1286 1965 praescribere
1308 1922 1351 1954 A.
1452 1920 1493 1953 15
1520 1919 1571 1960 ut}
1599 1930 1679 1952 011111
1701 1921 1741 1951 Α.

289 2027 295 2043 ¹
326 2026 446 2061 Bern.
474 2025 513 2061 L.
539 2038 570 2060 c.
597 2026 644 2070 (p.
670 2026 757 2059 1007
780 2027 845 2065 A):
882 2024 928 2058 Et
954 2025 1047 2058 sicut
1073 2023 1240 2058 caelestis
1267 2023 1427 2067 angelus,
1455 2024 1517 2056 aut
1544 2021 1650 2055 etiam
1684 2021 1779 2055 Deus

144 2087 230 2131 ipse,
258 2088 445 2131 permanet
471 2085 581 2119 libere
606 2085 730 2125 bonus,
757 2085 901 2129 propria
927 2084 1095 2118 videlicet
1120 2083 1316 2123 voluntate,
1344 2094 1413 2116 non
1433 2082 1553 2126 aliqua
1573 2081 1779 2115 extrinseca

143 2146 375 2180 necessitate:
404 2145 456 2179 sic
482 2144 642 2189 profecto
670 2144 832 2177 diabolus
859 2155 970 2187 aeque
996 2143 1107 2176 libere
1134 2143 1169 2176 in
1190 2142 1321 2176 malum
1344 2144 1379 2175 et
1399 2141 1533 2175 corruit
1551 2142 1586 2174 et
1606 2140 1778 2184 persistit,

143 2218 206 2239 suo
238 2206 361 2249 utique
395 2204 594 2238 voluntario
621 2206 719 2244 nutu,
755 2215 822 2236 non
850 2202 965 2236 alieno
992 2202 1157 2246 impulsu.
1222 2201 1345 2235 Manet
1376 2212 1460 2244 ergo
1486 2200 1634 2234 libertas
1660 2199 1779 2233 volun-

144 2264 240 2305 tatis,
276 2263 336 2298 ubi
373 2263 481 2297 etiam
514 2262 555 2296 fit
590 2262 785 2307 captivitas
820 2262 961 2302 mentis,
998 2264 1072 2295 tam
1107 2260 1213 2305 plena
1249 2260 1390 2304 quidem
1419 2260 1453 2293 in
1482 2259 1585 2305 malis
1611 2270 1715 2303 quam
1744 2260 1780 2292 in

143 2324 255 2365 bonis,
282 2323 345 2358 sed
372 2323 406 2357 in
434 2322 535 2356 bonis
562 2322 772 2362 ordinatior;
801 2323 874 2355 tam
902 2321 1044 2362 integra
1071 2331 1210 2364 quoque
1236 2331 1299 2364 pro
1327 2331 1389 2353 suo
1417 2318 1519 2352 modo
1546 2319 1580 2352 in
1602 2321 1778 2356 creatura,

146 2395 254 2427 quam
281 2383 315 2416 in
342 2384 513 2422 creatore,
541 2382 603 2416 sed
630 2381 665 2415 in
692 2381 751 2415 illo
778 2380 968 2425 potentior.
1764 2369 1767 2371 v

289 2441 301 2459 '²
329 2442 449 2476 Bern.
478 2442 513 2475 L.
542 2453 570 2476 c.
598 2453 630 2477 n.
663 2442 713 2477 10,
743 2443 786 2485 (p.
818 2441 905 2474 1007
932 2442 956 2473 1-1
980 2442 1043 2481 Β);
1085 2438 1185 2480 Quod
1223 2441 1344 2472 autem
1370 2438 1532 2472 homines
1559 2437 1675 2471 solent
1701 2449 1780 2471 con-

146 2502 245 2546 queri
278 2504 314 2535 et
350 2502 482 2535 dicere:
522 2500 602 2534 volo
634 2500 765 2534 habere
792 2499 919 2533 bonam
946 2498 1179 2538 voluntatem,
1214 2499 1248 2531 et
1276 2508 1344 2531 non
1370 2508 1526 2541 possum,
1554 2508 1779 2541 nequaquam

144 2561 226 2595 huie
258 2561 471 2606 praescribit
503 2559 674 2601 lilertati,
707 2561 746 2593 ut
780 2559 882 2603 quasi
910 2558 981 2592 vim
1009 2561 1071 2592 aut
1096 2557 1350 2591 necessitatem
1377 2557 1413 2590 in
1439 2556 1505 2590 hac
1532 2558 1633 2600 parte
1660 2555 1779 2589 volun-

144 2622 201 2655 tas
227 2620 402 2665 patiatur3
436 2619 499 2654 sed
525 2620 631 2664 plane
658 2619 718 2653 illa
744 2619 921 2659 libertate,
950 2630 1041 2662 quae
1063 2617 1193 2651 dicitur
1214 2628 1234 2650 a
1254 2618 1412 2660 peccate,
1440 2627 1478 2649 se
1499 2627 1620 2649 carere
1647 2617 1780 2649 testan-

145 2681 212 2713 tur.
264 2679 353 2713 Nam
387 2679 446 2724 qui
474 2679 552 2713 vult
583 2678 714 2712 habere
747 2678 874 2713 bonam
902 2677 1135 2717 voluntatem,
1162 2676 1289 2721 probat
1317 2687 1353 2710 se
1379 2675 1510 2709 habere
1537 2675 1778 2709 voluntatem:

146 2751 216 2773 non
243 2740 334 2773 enim
361 2739 440 2773 vult
470 2739 602 2773 habere
629 2738 767 2779 bonam,
801 2738 868 2772 nisi
896 2750 958 2782 per
985 2737 1206 2771 voluntatem
1225 2765 1230 2771 .
1249 2763 1279 2771 ,.
1324 2735 1460 2779 Nempe
1488 2738 1527 2769 ut
1552 2747 1621 2769 11011
1648 2735 1778 2775 valeat,

146 2810 223 2832 cum
252 2799 339 2832 velit
373 2799 504 2832 habere
537 2798 675 2839 bonam,
712 2798 824 2832 sentit·-
849 2797 992 2842 quidem
1020 2796 1086 2830 sibi
1116 2796 1240 2829 deesse
1266 2795 1482 2836 libertatem,
1521 2795 1583 2829 sed
1620 2795 1779 2839 profecto

146 2857 348 2891 libertatem
375 2870 395 2891 a
421 2860 577 2902 peccato,
606 2869 674 2901 quo
700 2857 824 2901 utique
851 2856 946 2890 dolet
972 2855 1095 2900 premi,
1123 2867 1192 2888 non
1220 2855 1346 2899 perimi
1372 2854 1604 2889 voluntatem.

289 2916 301 2934 ²³
328 2917 449 2951 Bern.
479 2917 514 2951 L.
543 2929 571 2951 c.
599 2929 634 2951 11.
659 2917 710 2951 ll.
741 2918 784 2961 (p.
811 2916 899 2950 1007
923 2918 1024 2958 CD):
1055 2915 1109 2948 Ex
1138 2915 1203 2949 hac
1231 2926 1315 2958 ergo
1349 2916 1488 2948 tantum
1509 2914 1686 2955 libertate,
1710 2925 1780 2958 qua

148 2976 297 3010 liberum
348 2979 403 3010 est
441 2976 618 3010 voluntati
659 2988 695 3010 se
734 2976 847 3020 ipsam
896 2975 1135 3015 iudicare...,
1175 2974 1326 3008 liberum
1374 2974 1561 3008 arbitrium
1602 2974 1779 3007 credimus

147 3035 332 3070 nominari.
383 3035 473 3069 Nam
501 3047 546 3069 ex
573 3035 635 3069 illa
662 3047 752 3079 quae
779 3035 909 3068 dicitur
936 3047 955 3068 a
981 3036 1138 3079 peccato,
1167 3033 1424 3077 congruentius
1450 3033 1602 3067 forsitan
1628 3033 1777 3066 liberum

146 3095 347 3135 consilium3
384 3097 419 3128 et
456 3095 540 3129 item
576 3107 620 3128 ex
657 3094 718 3129 illa
753 3106 843 3139 quae
871 3094 965 3128 dicta
993 3095 1048 3128 est
1074 3105 1094 3127 a
1121 3093 1275 3134 miseria,
1304 3092 1454 3127 liberum
1481 3093 1600 3137 potius
1627 3092 1778 3137 compla-

147 3154 255 3188 citum
288 3156 408 3198 posset
441 3154 520 3195 dici,
557 3166 662 3198 quam
695 3153 844 3188 liberum
878 3154 1075 3188 arbitrium.
1125 3153 1324 3187 Arbitrium
1358 3152 1489 3197 quippe
1517 3152 1685 3187 iudicium
1712 3154 1779 3186 est.

1799 1044 1831 1069 10

1800 1428 1831 1452 15
