2106 3453
2 1410 20 1434 f.
33 1410 82 1435 106
94 1409 131 1433 ν’),

526 228 717 264 Tractatus
743 229 805 264 VI.
856 228 908 264 De
935 229 1124 264 divinitate
1151 232 1186 264 et
1212 230 1397 266 Trinitate.
1687 231 1777 266 159⁴*

144 343 222 371 seu
255 331 587 384 participatione
620 333 807 374 melioris
840 336 1022 375 naturae
1055 347 1129 375 seu
1163 335 1362 376 essentia.
1411 335 1533 387 Mole,
1562 336 1684 377 sicuti
1712 351 1779 378 res

144 421 395 460 corporeae,
430 422 540 461 quae
575 410 809 452 maioribus
847 411 1044 463 partibus
1083 412 1249 453 maiora
1289 416 1503 464 occupant
1547 413 1653 463 loca,
1700 415 1778 454 mi-

146 484 322 525 noribus
354 485 536 526 minora.
601 486 810 527 Exercitio
854 500 928 528 seu
973 487 1303 539 participatione
1348 489 1535 529 melioris
1580 493 1776 539 naturae,

140 561 265 601 sicuti
312 561 482 602 animae
529 564 570 602 et
614 563 766 614 angeli.
839 563 1046 613 Essentia,
1098 564 1207 604 sicut
1258 568 1343 605 tres
1386 578 1610 617 personae.
1676 566 1778 607 Sola

142 650 334 689 namque
368 638 594 679 divinitate
629 652 917 692 unaquaeque
950 640 1105 680 dicitur
1138 641 1264 682 Deus.
1330 641 1449 683 Sicut
1492 642 1602 682 enin]
1648 642 1777 683 Pater
1798 660 1813 683 5

141 713 438 763 singularitate
473 717 513 755 et
546 715 674 766 plena
706 715 951 766 integritate
983 729 1088 757 suae
1121 719 1316 767 naturae,
1357 717 1399 757 id
1433 721 1497 758 est
1538 718 1774 769 divinitate,

141 788 295 829 dicitur
327 790 454 839 Deus,
488 790 548 832 ita
583 791 712 831 Filius
751 795 792 832 et
825 791 1010 844 Spiritus
1048 795 1241 841 sanctus;
1289 795 1331 833 et
1376 793 1471 834 ideo
1516 807 1603 835 una
1636 795 1777 835 minor

140 864 309 906 duabus
344 869 383 905 et
418 866 530 907 duae
563 867 748 908 maiores
782 881 867 908 una
902 868 1017 908 nullo
1052 868 1181 909 modo
1217 882 1309 910 esse
1342 872 1536 921 possunt.

284 942 322 982 2.
359 942 414 982 Et
443 946 518 983 est
544 943 826 992 sciendum,
861 944 977 996 quod
999 944 1166 985 ratione
1188 945 1449 986 naturalium
1472 945 1601 987 Pater
1623 946 1776 988 dicitur

139 1018 278 1070 prima
305 1032 505 1070 persona,
546 1019 675 1060 Filius
703 1020 905 1061 secunda.
969 1019 1087 1061 Sicut
1120 1021 1234 1061 enim
1268 1021 1309 1061 in
1344 1022 1614 1063 naturalibus
1651 1025 1775 1075 pater

142 1096 205 1134 est
236 1094 491 1147 principium
526 1095 600 1135 filii
635 1097 676 1136 et
717 1096 1041 1148 quodammodo
1075 1096 1148 1137 dat
1189 1110 1281 1138 esse
1320 1098 1419 1148 filio,
1454 1098 1513 1139 ita
1541 1099 1580 1138 in
1610 1099 1776 1140 theolo-

143 1169 245 1220 gicis
277 1169 407 1211 Pater
439 1172 502 1211 est
534 1171 789 1223 principium
826 1174 866 1212 et
899 1171 973 1212 dat
1007 1186 1099 1213 esse
1133 1172 1237 1213 Filio
1272 1175 1314 1213 et
1340 1173 1436 1214 ideo
1465 1174 1619 1215 dicitur
1645 1175 1775 1216 Filius

140 1248 182 1286 et
215 1245 283 1286 ille
314 1246 456 1287 Pater.
520 1247 666 1288 Tertia
698 1261 884 1299 persona
918 1261 1018 1289 vero
1053 1248 1208 1289 dicitur
1233 1249 1418 1301 Spiritus
1451 1253 1639 1301 sanctus,
1675 1252 1775 1304 quia

142 1322 197 1362 ab
232 1324 416 1374 utroque
450 1322 649 1375 spiratur,
691 1325 731 1364 et
764 1324 872 1365 sicut
905 1327 1004 1364 sunt
1036 1326 1123 1366 tres
1155 1337 1380 1377 personae,
1423 1326 1482 1367 ita
1516 1330 1615 1367 sunt
1648 1330 1733 1368 tres
1771 1326 1772 1331 ’

142 1397 445 1449 proprietates:
491 1399 733 1451 proprietas
774 1400 913 1440 Patris
954 1402 1017 1441 est
1055 1401 1241 1452 gignere,
1281 1401 1373 1441 Filii
1416 1402 1542 1453 gigni,
1590 1403 1773 1455 Spiritus

141 1473 276 1514 sancti
309 1474 364 1515 ab
398 1477 582 1527 utroque
615 1475 861 1528 procedere.
927 1475 1009 1526 Qui
1049 1477 1165 1529 quod
1205 1490 1230 1517 a
1263 1477 1391 1518 Patre
1433 1479 1654 1530 procedat,
1696 1480 1775 1520 du-

141 1549 257 1590 bium
292 1564 377 1590 non
414 1553 489 1599 est,
523 1552 599 1592 sed
632 1553 748 1604 quod
782 1566 806 1594 a
834 1552 939 1593 Filio
974 1553 1193 1605 procedat,
1222 1553 1454 1595 videndum
1484 1557 1559 1604 est,
1588 1557 1776 1598 maxime

141 1639 237 1667 curn
272 1626 421 1667 Graeci
450 1627 530 1668 hoc
564 1641 650 1669 non
683 1628 902 1669 fateantur
935 1629 1161 1670 occasione
1196 1630 1305 1671 illius
1338 1631 1469 1680 verbi,
1505 1632 1663 1673 scilicet
1697 1634 1774 1673 ini-

140 1702 255 1742 noris
286 1703 481 1755 symboli,
515 1703 587 1743 ubi
614 1704 781 1745 articuli
808 1707 982 1746 nostrae
1010 1705 1109 1746 fidei
1137 1706 1449 1748 continentur1.
1503 1708 1549 1748 In
1570 1708 1639 1748 illo
1662 1722 1775 1761 syni-

140 1778 239 1818 bolo
280 1791 365 1819 non
411 1779 458 1819 fit
502 1780 677 1830 mentio,
725 1782 841 1834 quod
886 1781 1070 1833 Spiritus
1115 1785 1291 1823 sanctus
1336 1783 1543 1835 procedat
1588 1798 1612 1826 a
1655 1785 1772 1827 Filio.

141 1853 225 1895 Sed
258 1856 373 1906 quod
407 1856 462 1896 ab
494 1856 587 1909 ipso
621 1858 729 1898 sicut
762 1871 786 1898 a
820 1858 948 1900 Patre
989 1859 1209 1911 procedat,
1256 1859 1587 1902 auctoritatibus
1632 1863 1776 1902 osten-

140 1931 267 1978 ditur,
302 1932 402 1983 quia
429 1933 519 1985 ipse
552 1933 668 1974 dicit:
705 1934 800 1975 Nisa·
826 1935 975 1985 abiero,
1005 1935 1243 1976 Parnassum
1268 1950 1352 1976 non
1379 1937 1505 1977 'vemet
1532 1937 1586 1977 ad
1615 1951 1679 1977 vos
1705 1942 1773 1979 ete.

141 2007 252 2062 (Jolz.
291 2009 430 2062 1637).
496 2011 544 2050 Et
584 2011 687 2051 illud
726 2011 992 2053 Johannis:
1031 2013 1091 2052 De
1122 2027 1207 2052 meo
1246 2014 1415 2066 accipiet
1454 2014 1565 2067 (Joh.
1604 2015 1774 2067 10315).

140 2084 246 2125 Illud
282 2087 442 2135 autem,
485 2088 601 2139 quod
642 2087 683 2127 in
726 2088 811 2128 fine
843 2088 1025 2141 symboli
1059 2089 1226 2140 dicitur,
1274 2090 1332 2130 sic
1374 2089 1644 2140 intelligitur:
1693 2091 1775 2141 Qui

140 2160 264 2201 aliter
296 2161 461 2212 dixerit,
496 2162 536 2203 id
571 2166 634 2203 est
668 2165 930 2205 contrarium
970 2165 1069 2206 fidei
1110 2165 1384 2216 christianae,
1428 2167 1663 2207 anatliema
1705 2167 1772 2208 sit.
1794 2176 1809 2200 2

140 2236 232 2277 Hoc
265 2240 410 2278 autem
445 2237 597 2289 dicere,
641 2239 798 2281 scilicet
838 2240 1045 2293 Spiritum
1079 2244 1277 2283 sanctum
1319 2256 1344 2283 a
1379 2241 1482 2282 Filio
1527 2242 1772 2295 procedere,

142 2325 226 2353 non
274 2316 337 2354 est
382 2315 659 2365 contrarium,
706 2317 780 2357 sed
826 2317 923 2357 fidei
973 2320 1328 2359 consentaneum.
1395 2307 1482 2369 Vel,
1536 2319 1606 2371 qui
1652 2319 1775 2360 aliter

142 2388 306 2439 dixerit,
347 2390 387 2430 id
429 2394 505 2441 est,
552 2392 623 2443 qui
663 2393 884 2443 negaverit
917 2407 941 2434 a
974 2393 1102 2435 Patre
1146 2395 1392 2447 procedere,
1439 2395 1672 2436 anathema
1707 2396 1772 2437 sit.

142 2464 226 2506 Sed
260 2465 341 2507 hoc
373 2479 458 2506 non
492 2480 713 2517 negamus,
748 2468 881 2509 immo
914 2483 1090 2522 prorsus
1124 2470 1405 2512 affirmamus,

284 2542 323 2582 3.
367 2542 489 2583 Item
523 2544 653 2584 solet
686 2545 864 2596 quaeri
904 2545 961 2586 do
1001 2545 1198 2598 Spiritu
1241 2548 1438 2596 sancto,
1479 2548 1651 2586 utrum
1690 2557 1809 2598 ge-23

142 2616 279 2657 nitus
306 2617 371 2658 sit
396 2618 474 2658 vel
501 2619 760 2671 ingenitus
778 2623 805 2662 2.
859 2621 982 2662 Unde
1008 2621 1329 2672 Augustinus
1369 2622 1514 2663 scribit
1549 2623 1609 2663 ad
1648 2622 1773 2663 Oro-

285 2732 300 2765 1
330 2743 392 2766 seu
419 2734 576 2767 essentia
602 2746 666 2768 om.
684 2738 725 2770 A.
850 2736 944 2769 sicut
968 2747 1076 2769 unum
1104 2747 1233 2780 corpus
1258 2736 1374 2769 maius
1401 2737 1456 2769 est
1482 2735 1562 2770 alio.
1590 2736 1773 2770 Exercitio

141 2802 205 2824 seu
231 2792 356 2835 partic.
373 2820 379 2826 .
396 2821 427 2828 ..
462 2795 504 2827 A.
598 2794 616 2826 7
646 2794 696 2828 ita
722 2796 758 2827 et
782 2793 892 2828 Pater
918 2797 953 2828 et
979 2794 1068 2839 Spir.
1097 2798 1243 2829 sanctus
1264 2796 1306 2829 Β.
1402 2795 1443 2828 10
1471 2795 1626 2829 secunda
1646 2808 1709 2829 om.
1731 2798 1772 2830 B.

146 2850 186 2884 13
213 2862 363 2895 persona
390 2863 455 2888 om.
476 2854 517 2886 B.
582 2854 623 2886 14
649 2853 700 2887 ita
725 2857 811 2888 sunt
836 2866 902 2888 om.
929 2856 973 2889 B.
1032 2855 1074 2888 16
1101 2866 1121 2888 a
1142 2854 1260 2897 Patre]
1287 2854 1331 2888 ab
1356 2857 1506 2898 utroque
1529 2858 1571 2890 A.
1632 2855 1671 2888 19
1693 2860 1774 2898 post

142 2909 294 2954 symboli
322 2913 404 2946 odd.
433 2913 464 2944 B
490 2911 602 2946 Credo
629 2913 664 2946 in
692 2912 816 2948 Deum.
861 2919 943 2957 post
970 2914 1030 2947 illo
1057 2916 1140 2949 add.
1169 2916 1200 2947 B
1226 2925 1321 2949 vero,
1372 2914 1414 2948 21
1443 2914 1591 2956 aucton]
1620 2914 1701 2948 alibi
1732 2917 1772 2948 B.

142 2969 187 3002 26
213 2969 289 3003 scil.
315 2982 379 3004 om.
408 2972 450 3004 B.
990 2984 1005 3001 θ

286 3062 297 3080 ¹
324 3064 385 3097 SS.
413 3063 438 3105 Ι,
461 3064 481 3098 6
510 3064 566 3106 (52
581 3064 636 3105 C);
665 3064 803 3099 Lomb.
831 3067 924 3099 Sem.
951 3065 974 3099 l.
1002 3065 1027 3101 I.
1055 3065 1087 3099 d.
1118 3065 1171 3100 10.
1199 3077 1228 3099 c.
1258 3066 1289 3101 1.

286 3120 298 3138 ²¹
324 3123 385 3156 SS.
413 3123 439 3164 I,
467 3124 485 3156 7
514 3125 571 3164 (53
586 3124 645 3164 B);
673 3123 811 3158 Lomb.
839 3125 932 3158 Sem.
959 3124 982 3159 l.
1011 3125 1034 3160 I.
1063 3124 1094 3158 (1.
1126 3125 1177 3158 13.
1206 3137 1233 3161 e.
1261 3126 1293 3159 4.

1799 1040 1829 1063 lo

1798 1418 1828 1443 15

1796 1797 1830 1821 20
