2106 3453
338 244 408 286 50*
931 244 1137 287 Sententiae
1165 246 1376 287 divinitat-is.

336 357 531 396 ratorum
562 355 836 404 mundentur,
872 358 912 397 et
936 358 1144 397 sanentur
1175 369 1260 396 non
1295 356 1434 397 solum
1461 358 1652 408 peecata,
1686 367 1797 408 quae
1823 354 1969 397 onmia

336 444 449 473 nuno
494 431 771 472 remittuntur
814 432 856 472 in
908 432 1142 485 baptismo,
1184 432 1260 473 sed
1305 432 1433 473 etiam
1479 445 1592 485 quae
1635 434 1733 484 post
1777 431 1967 473 humana

337 506 579 558 ignorantia
603 507 669 548 vel
697 507 945 550 infirmitate
966 507 1294 557 contrahuntur,
1322 520 1406 548 non
1430 508 1598 559 quoties
1617 510 1823 560 peccatur
1842 508 1968 548 toties

338 583 629 633 remittantur,
664 583 738 624 sed
773 584 873 636 quia
901 584 955 624 ab
984 584 1076 636 ipso
1104 584 1220 636 quod
1242 579 1378 625 'semel
1407 583 1546 635 datur,
1575 583 1622 624 fit
1649 577 1807 624 utnon
1829 584 1965 624 solum

300 663 452 710 5ante,
495 673 644 700 verum
679 660 807 701 etiam
842 663 993 713 postea
1027 660 1318 713 quorumlibet
1358 663 1634 712 peccatorum
1668 660 1794 700 venia
1834 660 1967 712 impe-

336 737 477 776 tratur
508 735 720 776 fidelibus.
785 735 896 785 Quid
930 736 1041 776 enim
1076 736 1301 788 prodesset
1333 735 1397 776 ν9]
1437 737 1538 777 ante
1571 735 1832 788 baptismum
1866 748 1968 787 pae-

335 810 533 861 nitentia,
567 811 646 851 nisi
675 811 916 864 baptismus
943 813 1208 864 sequeretur,
1248 811 1313 852 vel
1346 814 1512 864 postea,
1541 811 1620 852 nisi
1647 811 1966 863 praecederet?

765 935 808 973 V.
848 935 989 973 Utrum
1017 936 1226 984 peccatum
1255 935 1312 973 sit
1340 936 1381 973 in
1409 947 1544 985 puero.

478 1022 784 1073 Quaeritur,
818 1026 985 1063 utrum
1019 1025 1287 1075 peccatum
1321 1023 1387 1064 sit
1420 1023 1465 1063 in
1494 1036 1664 1076 puero.
1729 1022 1854 1073 Quod
1881 1036 1966 1063 non

291 1113 322 1138 10
343 1098 409 1149 sit,
444 1099 653 1152 probatur
685 1112 710 1139 a
743 1098 1009 1139 definitione:
1053 1098 1282 1140 Peccatum
1323 1102 1386 1139 est
1418 1099 1575 1140 factum
1611 1099 1675 1139 vel
1708 1099 1868 1140 dictum
1903 1099 1966 1139 vel

337 1174 611 1227 concupitum
641 1176 791 1215 contra
818 1174 953 1225 legem
977 1173 1052 1214 Dei
1070 1175 1097 1215 1.
1162 1174 1363 1215 Additur:
1409 1176 1559 1215 contra
1585 1174 1721 1225 legem
1751 1174 1838 1224 Dei,
1867 1174 1968 1227 quia

336 1250 499 1292 nullum
533 1251 694 1292 factum
728 1250 793 1290 vel
827 1250 987 1290 dictum
1024 1250 1088 1290 vel
1123 1250 1398 1302 concupitum
1434 1252 1498 1291 est
1531 1253 1769 1303 peccatum,
1804 1250 1882 1291 nisi
1915 1250 1967 1291 sit

335 1328 486 1366 contra
521 1326 657 1377 legem
691 1325 779 1367 Dei.
843 1324 962 1366 Sicut
994 1328 1175 1378 apparet
1203 1326 1243 1366 in
1272 1329 1450 1378 peccato
1479 1325 1613 1375 Adae,
1647 1326 1748 1379 quia
1775 1338 1966 1378 pomum,

335 1402 450 1455 quod
485 1402 683 1452 comedit,
716 1414 802 1442 non
836 1401 915 1442 fuit
947 1404 1185 1453 peccatum,
1229 1415 1306 1443 nec
1349 1401 1443 1454 ipsa
1486 1401 1708 1451 comestio,
1750 1402 1822 1442 sed
1867 1402 1967 1454 quia

283 1496 315 1520 15
336 1481 485 1520 contra
525 1479 661 1530 legem
696 1477 786 1519 Dei.
848 1477 932 1518 Sed
972 1477 1013 1518 in
1052 1490 1186 1530 puero
1224 1491 1308 1518 non
1356 1477 1434 1518 fuit
1481 1478 1687 1519 comestio
1733 1478 1845 1527 talis,
1890 1491 1967 1519 nec

336 1555 494 1596 factum
528 1554 593 1595 vel
628 1554 786 1595 dictum
817 1553 881 1595 vel
909 1553 1184 1606 concupitum
1213 1554 1388 1606 aliquid,
1416 1554 1533 1606 quod
1561 1557 1625 1595 est
1651 1556 1802 1595 contra
1829 1554 1964 1606 legem

335 1630 424 1672 Dei.
520 1630 626 1671 Item
660 1629 702 1670 in
744 1629 889 1670 anima
935 1629 1066 1681 ipsius
1105 1642 1190 1669 non
1231 1632 1294 1670 est
1338 1632 1581 1681 peecatum,
1628 1629 1728 1682 quia
1774 1642 1880 1681 pura
1925 1632 1967 1670 et

335 1709 484 1747 sancta
517 1708 662 1747 creata
694 1705 785 1754 fuit,
829 1717 905 1745 nec
938 1705 979 1745 in
1014 1717 1207 1757 corpore,
1253 1705 1354 1757 quia
1396 1718 1472 1758 per
1516 1718 1562 1746 se
1604 1691 1847 1746 insensibile
1888 1718 1967 1745 nec

335 1782 496 1823 honum
530 1795 608 1822 nee
640 1781 801 1822 malurn
836 1780 1022 1831 volebat,
1063 1794 1139 1822 nec
1173 1781 1213 1821 in
1247 1781 1339 1833 ipsa
1384 1781 1684 1822 coniunctione
1725 1783 1964 1833 peccatum,

280 1874 314 1898 ρο
335 1871 431 1899 cum
464 1858 578 1898 Deus
612 1857 721 1898 illius
754 1856 1066 1897 coniunctionis
1099 1857 1153 1897 sit
1186 1860 1350 1898 auctor.

476 1934 536 1974 Ex
567 1934 703 1975 altera
735 1934 860 1985 parte
890 1933 1113 1985 probatur,
1142 1933 1257 1985 quod
1285 1935 1510 1985 peccatum
1539 1932 1592 1974 sit
1620 1932 1662 1973 in
1688 1945 1836 1985 puero,
1865 1933 1965 1986 quia

332 2012 555 2062 peecatum
591 2011 655 2050 est
686 2009 728 2049 in
761 2022 812 2050 eo
844 2009 1062 2060 originale,
1096 2022 1174 2049 nee
1207 2009 1345 2050 infans
1379 2009 1504 2050 unius
1537 2009 1618 2050 diei
1653 2009 1745 2049 sine
1787 2011 1964 2061 peccato

334 2088 440 2126 est2.
505 2085 579 2125 Ad
620 2084 754 2137 quod
793 2084 1090 2134 videndum,
1131 2087 1357 2137 quatuor
1396 2084 1780 2126 consideranda
1824 2087 1962 2126 sunt:

333 2160 461 2211 Quid
494 2162 761 2213 peceatum
789 2160 874 2210 sit,
908 2160 1033 2213 quid
1059 2163 1254 2211 reatus,
1285 2161 1406 2213 quid
1437 2160 1636 2211 vitium,
1667 2160 1787 2213 quid
1815 2163 1964 2202 actus

279 2222 314 2281 95
335 2236 461 2278 Vitii.

474 2311 764 2362 Peccatum,
801 2313 846 2352 ut
878 2311 1076 2362 diximus,
1112 2314 1175 2352 est
1208 2311 1369 2353 factum
1403 2311 1467 2352 vel
1503 2311 1666 2352 dictum
1707 2311 1773 2352 vel
1807 2325 1964 2356 concu-

332 2388 468 2440 pitum
504 2390 653 2429 eontra
686 2387 821 2439 legem
856 2387 944 2437 Dei,
979 2387 1020 2428 id
1055 2390 1131 2438 est,
1165 2400 1251 2441 quo
1278 2387 1432 2440 aliquis
1462 2388 1643 2429 dicendo
1671 2388 1736 2428 vel
1765 2388 1962 2429 faciendo

335 2459 398 2504 ifel
430 2462 659 2514 cogitando
692 2462 779 2513 agit
812 2465 962 2503 contra
994 2463 1128 2515 legem
1164 2463 1253 2504 Dei.
1317 2463 1402 2504 Sed
1437 2463 1689 2516 opponitur:
1724 2463 1832 2504 Cum
1865 2477 1963 2516 pec-

473 2589 494 2623 2
519 2588 697 2633 posterius
723 2590 813 2631 Any.
911 2587 931 2621 3
958 2599 1026 2621 non
1060 2589 1101 2621 ut
1134 2587 1313 2632 baptisma
1349 2588 1490 2632 quoties
1516 2590 1693 2632 peccatur,
1729 2588 1837 2622 toties
1862 2600 1961 2633 repe-

330 2650 429 2683 tatur
454 2651 544 2691 Any.
641 2648 663 2681 4
689 2646 835 2681 verbum
863 2648 895 2680 A
917 2652 997 2689 post
1024 2657 1147 2680 verum
1175 2649 1257 2681 add.
1286 2649 1317 2680 A
1344 2647 1418 2681 sed.
1520 2647 1560 2680 10
1582 2652 1665 2690 post
1691 2647 1738 2680 sit
1765 2649 1847 2681 add.
1870 2649 1901 2681 B
1926 2647 1960 2681 iu

331 2719 382 2742 eo,
482 2708 522 2742 11
549 2706 666 2750 legem
686 2718 751 2740 om.
774 2708 816 2740 A.
916 2705 959 2739 14
985 2705 1062 2749 ipsa
1082 2717 1147 2739 om.
1169 2708 1211 2739 A.
1313 2706 1354 2739 16
1377 2711 1457 2749 post
1483 2706 1708 2750 concupitum
1729 2708 1813 2740 (cdd.
1831 2708 1860 2740 A
1885 2717 1960 2740 nee.

334 2767 376 2801 18
414 2765 619 2801 insensibile
657 2776 741 2798 vero
779 2764 908 2798 bonurn
946 2775 1031 2797 vero
1068 2763 1199 2798 malum
1229 2766 1269 2800 B.
1368 2763 1411 2798 23
1450 2766 1596 2808 peceato
1632 2764 1701 2808 est]
1736 2767 1792 2798 est
1825 2770 1890 2799 σπι.
1921 2767 1961 2799 Β.

332 2826 377 2860 24
402 2826 450 2860 sit
468 2838 532 2859 om.
555 2827 596 2860 Β.
670 2824 714 2858 26
741 2824 797 2858 vel
824 2823 1050 2868 concupitum
1076 2825 1199 2875 contra
1220 2823 1335 2867 legem
1356 2822 1421 2857 Dei
1442 2831 1506 2856 om.
1530 2825 1571 2857 B.
1646 2823 1690 2857 27
1712 2823 1793 2868 quo]
1808 2824 1900 2868 quod
1918 2826 1959 2858 B.

331 2884 376 2918 28
403 2885 480 2928 agii:
505 2896 571 2918 om.
598 2886 641 2920 B.

475 2997 486 3015 ¹
513 2999 694 3041 August.
727 2999 858 3032 Contra
888 2999 1064 3032 Faustum
1090 2996 1112 3033 l.
1134 2997 1188 3031 21.
1210 3008 1240 3032 c.
1261 2997 1317 3031 27.
1340 2996 1420 3039 (PL.
1439 2997 1495 3037 42,
1515 2997 1617 3036 418):
1655 2996 1750 3040 Ergo
1775 2998 1958 3041 peceatum

332 3060 388 3092 est
414 3058 548 3092 factum
575 3057 631 3091 vel
658 3057 791 3091 dietum
818 3057 873 3091 vel
901 3057 1126 3102 concupitum
1154 3056 1287 3100 aliquid
1314 3058 1438 3090 contra
1466 3058 1646 3090 aeternam
1673 3055 1800 3099 legem.

473 3117 485 3133 ²*
513 3117 563 3150 De
589 3116 655 3151 hoo
682 3116 757 3150 loco
785 3117 829 3153 cf.
857 3116 996 3156 Gietl‚
1024 3117 1062 3150 L.
1083 3128 1110 3149 o.
1141 3128 1172 3160 p.
1206 3116 1269 3150 130
1287 3114 1324 3148 ¹8.
