2106 3453
633 269 825 303 Tractatus
854 269 893 303 V.
944 268 996 302 De
1022 268 1267 302 sacramentis.
1681 267 1771 303 135*

139 373 241 413 illud
270 373 543 414 Jeremiae:
580 372 755 413 Parvuli
780 373 991 426 petierant
1012 362 1177 424 panem,
1207 376 1241 411 et
1270 386 1350 411 mm
1377 376 1432 412 est
1458 373 1528 426 qui
1556 371 1770 425 frasnyeret

138 450 192 488 eis
226 449 397 501 (Thi-en.
434 448 547 501 Lai).
612 449 724 489 Ante
769 448 1003 489 adventum
1038 446 1195 488 Christi
1235 460 1320 488 non
1355 451 1448 488 erat
1484 448 1556 500 qui
1589 447 1772 500 scriptu-

137 538 207 565 ras
241 526 492 576 exponeret;
528 537 612 564 non
648 524 996 575 intelligebantur
1029 523 1280 576 scripturae.
1344 523 1429 564 Sed
1463 536 1539 576 per
1572 524 1661 564 eius
1694 523 1770 564 ad-

139 603 312 641 ventum
347 604 635 653 apparuerunt
664 600 797 652 fontes
830 613 1036 653 aquccrum
1069 603 1103 639 et
1146 599 1321 639 revelata
1361 603 1457 639 semet·
1495 599 1771 652 simulamenta

136 676 243 716 orbis
277 680 485 716 terrarum
521 676 606 729 (Ps.
643 674 815 729 17,10·).
881 675 934 715 Et
970 674 1081 715 dedit
1119 676 1174 715 eis
1213 688 1372 715 sensum
1418 678 1460 714 [tt
1502 675 1770 728 mitellisserent

134 753 367 805 scripturas
402 751 520 805 (Lae.
556 750 729 804 2245).

1790 697 1805 721 5

276 828 359 867 Alii
405 827 565 878 dicunt,
610 827 725 879 quod
766 840 866 868 vere
908 827 1117 878 frangitur
1158 830 1200 867 et
1241 826 1442 867 dentibus
1487 827 1685 868 atteritur
1729 829 1770 867 et
1822 884 1824 886 Υ

137 903 399 954 irrefrigibile
432 905 641 953 remanet,
676 903 792 955 quod
826 903 1081 944 miraculum
1110 905 1186 944 est.
1249 903 1332 944 Sed
1362 903 1624 944 contrarium
1653 903 1769 942 vide-

135 981 203 1019 tur
238 979 340 1020 illud
373 979 674 1031 Augustini:
712 979 889 1020 Videtur
931 979 1066 1031 frangi
1107 982 1147 1020 et
1186 992 1272 1019 non
1306 980 1526 1030 frangitur.
1594 979 1770 1019 Videtur

135 1056 286 1107 frangi,
321 1058 531 1108 quantum
562 1055 617 1096 ad
645 1055 760 1095 visus
787 1055 1011 1095 hominum
1043 1058 1087 1096 ut
1114 1055 1295 1097 actualis
1321 1055 1459 1108 panis,
1494 1055 1567 1095 sed
1595 1068 1680 1095 non
1709 1055 1767 1095 ita

133 1131 355 1182 frangitur,
391 1134 437 1172 ut
466 1144 546 1183 per
577 1134 723 1184 partes
757 1131 985 1173 dividatur.

273 1207 553 1249 Praeterea
586 1208 865 1249 videndum
906 1210 982 1249 est
1024 1208 1071 1248 in
1114 1208 1207 1249 hoc
1250 1210 1601 1258 sacramento,
1642 1208 1766 1260 quid

130 1286 530 1334 sacramentum,
588 1283 710 1336 quid
755 1297 833 1325 res
885 1285 1242 1325 sacramenti1.
1306 1285 1407 1326 Tria
1460 1284 1525 1325 hic
1570 1284 1765 1326 conside-

130 1358 266 1400 randa
299 1362 415 1400 sunt:
452 1373 585 1400 unum
619 1360 735 1412 quod
764 1363 827 1401 est
865 1364 1187 1401 sacramentum
1213 1363 1397 1411 tantum,
1432 1361 1616 1402 alterum
1649 1361 1765 1414 quod

131 1438 195 1476 est
228 1438 547 1476 sacramentum
590 1440 631 1477 et
673 1450 740 1477 res
774 1437 1046 1486 sacramenti,
1082 1437 1253 1479 tertium
1298 1437 1415 1490 quod
1458 1440 1521 1478 est
1563 1451 1630 1478 res
1669 1439 1765 1478 tan-

134 1513 241 1552 tum.
306 1512 390 1552 Sed
423 1511 562 1564 primo
591 1513 823 1554 videndum
860 1516 937 1563 est,
972 1513 1074 1565 quid
1102 1514 1156 1554 sit
1182 1515 1502 1554 sacramentum
1522 1516 1546 1555 2.
1612 1513 1765 1555 Sacra-

133 1590 328 1628 mentum
373 1590 436 1628 est
478 1601 627 1630 sacrae
671 1589 733 1630 rei
778 1589 965 1640 signum3
1012 1589 1076 1630 vel
1122 1590 1285 1630 visibile
1330 1589 1497 1641 signum
1544 1590 1765 1631 invisibilis

135 1663 299 1714 gratiae
341 1663 383 1703 in
423 1677 473 1704 eo
513 1664 713 1713 collatae;
760 1665 869 1706 sicut
913 1668 1095 1717 apparet
1140 1666 1181 1706 in
1227 1666 1431 1718 baptismi
1470 1670 1763 1708 sacramento:

135 1739 331 1781 Exterior
362 1741 433 1782 illa
466 1740 629 1781 ablutio
662 1740 875 1792 significat
906 1741 1152 1783 interiorem
1188 1743 1358 1784 animae
1400 1744 1679 1794 ablutionem,
1724 1746 1766 1784 et

138 1815 198 1858 ita
234 1817 303 1859 illa
337 1817 500 1858 ablutio
541 1820 604 1859 est
637 1821 954 1859 sacramentum
991 1819 1118 1859 huius
1151 1833 1299 1861 sacrae
1332 1820 1405 1870 rei,
1449 1820 1607 1861 scilicet
1640 1833 1764 1860 mun-
1785 1835 1799 1858 θ

131 1891 316 1934 dationis
350 1893 578 1935 interioris.
640 1895 684 1934 ln
720 1894 800 1935 hoc
834 1898 1106 1936 sacramento
1140 1896 1287 1937 altaris
1321 1897 1515 1937 similiter
1556 1899 1656 1937 sunt
1694 1910 1762 1938 sa-

128 1972 368 2011 cramenta:
404 1971 568 2019 fractio,
598 1971 824 2023 depositio,
859 1971 1054 2013 elevatio.
1121 1972 1288 2014 Fractio
1316 1973 1526 2024 significat
1554 1977 1758 2022 mortem;

128 2046 339 2098 depositio
367 2047 654 2100 sepulturam;
685 2047 867 2088 elevatio
895 2037 1275 2090 resurrectionem.
1310 2049 1484 2102 Species
1512 2050 1608 2092 illae
1635 2051 1761 2102 panis

127 2125 169 2163 et
203 2123 285 2163 vini
320 2124 454 2174 gralia
489 2124 655 2165 illarum
691 2137 833 2165 rerum
868 2125 909 2165 in
943 2125 1099 2177 quibus
1127 2126 1310 2176 fuerunt,
1360 2129 1459 2167 sunt
1487 2129 1760 2168 sacramenta

126 2201 307 2241 duarum
343 2213 500 2250 rerum,
534 2199 692 2241 scilicet
719 2201 910 2253 corporis
937 2201 1106 2252 Christi,
1141 2202 1257 2254 quod
1284 2203 1468 2255 sumpsit
1499 2203 1551 2244 de
1585 2204 1757 2255 virgine,

128 2279 168 2317 et
201 2277 404 2328 corporis,
439 2277 598 2317 scilicet
631 2276 748 2329 quod
787 2280 851 2318 est
890 2278 1086 2327 ecclesia;
1134 2292 1319 2330 quarum
1366 2292 1451 2322 una
1497 2280 1553 2320 ibi
1599 2280 1757 2330 signifi-

126 2355 247 2393 catur
280 2354 321 2392 et
354 2352 470 2401 latet,
514 2353 649 2394 altera
683 2353 947 2404 significatur
980 2356 1021 2395 et
1047 2367 1133 2394 non
1161 2355 1280 2396 latet.
1343 2357 1469 2407 Quod
1494 2356 1759 2408 significatur

126 2432 167 2471 et
198 2429 315 2478 latet,
359 2431 405 2469 ut
439 2441 607 2481 corpus,
649 2430 766 2482 quod
806 2430 862 2472 de
895 2431 1055 2481 virgine
1089 2432 1289 2484 sumpsit3
1339 2433 1455 2485 quod
1494 2433 1757 2484 significatur

127 2508 167 2547 et
199 2518 285 2546 non
318 2505 434 2554 latet,
470 2508 516 2546 ut
549 2506 691 2548 unitas
724 2507 914 2559 corporis
947 2507 1162 2549 ecclesiae.
1291 2506 1293 2508 ’

1791 1075 1822 1100 10

1789 1454 1819 1478 15

1779 2221 1814 2247 25

268 2581 393 2631 Quod
436 2582 599 2634 species
644 2582 740 2624 illae
785 2583 870 2623 sint
921 2586 1194 2625 sacramenta
1240 2585 1405 2625 illarum
1458 2599 1601 2626 rerum
1647 2600 1754 2639 quas
1775 2601 1809 2625 530

125 2657 322 2706 diximus,
358 2660 399 2698 et
431 2657 500 2698 illa
534 2658 784 2709 significent,
821 2662 1003 2712 apparet
1033 2660 1113 2702 hac
1140 2660 1435 2702 similitudine:
1496 2662 1614 2703 Sicut
1644 2675 1753 2703 unus

125 2734 248 2785 panis
282 2747 332 2774 ex
364 2734 508 2775 multis
535 2735 679 2786 granis
707 2737 748 2776 et
776 2748 908 2776 unum
936 2737 1082 2777 vinum
1112 2750 1164 2777 ex
1190 2738 1337 2778 multis
1364 2738 1497 2780 acinis
1525 2739 1751 2791 eliquatur,

269 2878 309 2911 10
336 2877 387 2919 ut]
417 2881 507 2913 etA.
609 2879 650 2912 14
676 2880 816 2912 tantum
843 2882 960 2913 0»2.A.
1055 2880 1097 2915 19
1124 2881 1304 2916 interioris
1321 2883 1360 2915 Β.
1459 2882 1503 2916 20
1530 2886 1585 2917 est
1611 2886 1752 2927 scripsi.

124 2939 154 2969 A
173 2937 203 2969 B
229 2936 296 2970 vel.

268 3085 275 3102 ¹
304 3086 365 3119 SS.
393 3085 452 3125 VI,
475 3087 494 3120 3
523 3086 604 3126 (140
619 3086 678 3127 A);
709 3087 948 3129 Rolandus,
976 3100 1008 3133 p.
1036 3088 1103 3123 215
1119 3101 1172 3133 sq.

265 3143 277 3161 ‘²
306 3144 351 3179 cf.
378 3156 484 3189 supra
511 3156 543 3189 p.
574 3145 677 3180 106³&
