<?xml version="1.0" encoding="UTF-8"?>
<!DOCTYPE html PUBLIC "-//W3C//DTD XHTML 1.0 Transitional//EN"
    "http://www.w3.org/TR/xhtml1/DTD/xhtml1-transitional.dtd">
<html xmlns="http://www.w3.org/1999/xhtml" xml:lang="en" lang="en">
 <head>
  <title>
</title>
<meta http-equiv="Content-Type" content="text/html;charset=utf-8" />
  <meta name='ocr-system' content='tesseract 3.04.00' />
  <meta name='ocr-capabilities' content='ocr_page ocr_carea ocr_par ocr_line ocrx_word'/>
</head>
<body>
  <div class='ocr_page' id='page_1' title='image "./diesententiaediv00geye_0108.png"; bbox 0 0 2106 3453; ppageno 0'>
   <div class='ocr_carea' id='block_1_1' title="bbox 294 1024 326 1048">
    <p class='ocr_par' dir='ltr' id='par_1_1' title="bbox 294 1024 326 1048">
     <span class='ocr_line' id='line_1_1' title="bbox 294 1024 326 1048; baseline 0 0"><span class='ocrx_word' id='word_1_1' title='bbox 294 1024 326 1048; x_wconf 85' lang='lat'>10</span> 
     </span>
    </p>
   </div>
   <div class='ocr_carea' id='block_1_2' title="bbox 295 1408 327 1432">
    <p class='ocr_par' dir='ltr' id='par_1_2' title="bbox 295 1408 327 1432">
     <span class='ocr_line' id='line_1_2' title="bbox 295 1408 327 1432; baseline 0 0"><span class='ocrx_word' id='word_1_2' title='bbox 295 1408 327 1432; x_wconf 83' lang='lat'>15</span> 
     </span>
    </p>
   </div>
   <div class='ocr_carea' id='block_1_3' title="bbox 349 210 1394 249">
    <p class='ocr_par' dir='ltr' id='par_1_3' title="bbox 349 210 1394 249">
     <span class='ocr_line' id='line_1_3' title="bbox 349 210 1394 249; baseline -0.001 0"><span class='ocrx_word' id='word_1_3' title='bbox 349 213 392 249; x_wconf 79' lang='lat'>30</span> <span class='ocrx_word' id='word_1_4' title='bbox 401 214 419 233; x_wconf 73' lang='lat'>÷÷</span> <span class='ocrx_word' id='word_1_5' title='bbox 512 230 515 233; x_wconf 63' lang='lat'><strong><em>¹</em></strong></span> <span class='ocrx_word' id='word_1_6' title='bbox 946 210 1150 248; x_wconf 70' lang='lat' dir='ltr'>Sententiae</span> <span class='ocrx_word' id='word_1_7' title='bbox 1180 210 1394 248; x_wconf 79' lang='lat' dir='ltr'>divinitatis.</span> 
     </span>
    </p>
   </div>
   <div class='ocr_carea' id='block_1_4' title="bbox 345 317 1984 1755">
    <p class='ocr_par' dir='ltr' id='par_1_4' title="bbox 347 317 1982 680">
     <span class='ocr_line' id='line_1_4' title="bbox 350 317 1982 371; baseline -0.001 -12"><span class='ocrx_word' id='word_1_8' title='bbox 350 319 452 371; x_wconf 84' lang='lat' dir='ltr'>quid</span> <span class='ocrx_word' id='word_1_9' title='bbox 492 319 636 360; x_wconf 82' lang='lat' dir='ltr'>libeat.</span> <span class='ocrx_word' id='word_1_10' title='bbox 699 319 783 359; x_wconf 84' lang='lat' dir='ltr'>Sed</span> <span class='ocrx_word' id='word_1_11' title='bbox 828 331 905 371; x_wconf 89' lang='lat' dir='ltr'>per</span> <span class='ocrx_word' id='word_1_12' title='bbox 936 320 1160 371; x_wconf 81' lang='lat' dir='ltr'>peccatum</span> <span class='ocrx_word' id='word_1_13' title='bbox 1195 320 1345 359; x_wconf 84' lang='lat' dir='ltr'>contra</span> <span class='ocrx_word' id='word_1_14' title='bbox 1381 318 1537 358; x_wconf 85' lang='lat' dir='ltr'>factum</span> <span class='ocrx_word' id='word_1_15' title='bbox 1579 319 1654 367; x_wconf 85' lang='lat' dir='ltr'>est,</span> <span class='ocrx_word' id='word_1_16' title='bbox 1689 320 1735 358; x_wconf 90' lang='lat' dir='ltr'>ut</span> <span class='ocrx_word' id='word_1_17' title='bbox 1768 317 1982 359; x_wconf 85' lang='lat' dir='ltr'>discernat</span> 
     </span>
     <span class='ocr_line' id='line_1_5' title="bbox 348 394 1981 449; baseline -0.002 -12"><span class='ocrx_word' id='word_1_18' title='bbox 348 396 464 449; x_wconf 86' lang='lat' dir='ltr'>quod</span> <span class='ocrx_word' id='word_1_19' title='bbox 497 409 583 436; x_wconf 89' lang='lat' dir='ltr'>non</span> <span class='ocrx_word' id='word_1_20' title='bbox 628 396 763 447; x_wconf 81' lang='lat' dir='ltr'>liceat,</span> <span class='ocrx_word' id='word_1_21' title='bbox 806 396 960 448; x_wconf 86' lang='lat' dir='ltr'>probet</span> <span class='ocrx_word' id='word_1_22' title='bbox 1003 395 1118 447; x_wconf 87' lang='lat' dir='ltr'>quod</span> <span class='ocrx_word' id='word_1_23' title='bbox 1158 408 1243 435; x_wconf 90' lang='lat' dir='ltr'>non</span> <span class='ocrx_word' id='word_1_24' title='bbox 1278 394 1491 446; x_wconf 77' lang='lat' dir='ltr'>expediat,</span> <span class='ocrx_word' id='word_1_25' title='bbox 1531 395 1572 435; x_wconf 90' lang='lat' dir='ltr'>in</span> <span class='ocrx_word' id='word_1_26' title='bbox 1605 395 1767 447; x_wconf 76' lang='lat' dir='ltr'>peccati</span> <span class='ocrx_word' id='word_1_27' title='bbox 1800 408 1981 436; x_wconf 88' lang='lat' dir='ltr'>consen-</span> 
     </span>
     <span class='ocr_line' id='line_1_6' title="bbox 348 472 1980 524; baseline -0.001 -10"><span class='ocrx_word' id='word_1_28' title='bbox 348 486 458 523; x_wconf 83' lang='lat' dir='ltr'>sum⁷</span> <span class='ocrx_word' id='word_1_29' title='bbox 511 473 854 522; x_wconf 75' lang='lat' dir='ltr'>delectationem,</span> <span class='ocrx_word' id='word_1_30' title='bbox 906 472 1278 524; x_wconf 77' lang='lat' dir='ltr'>glorificationem.</span> <span class='ocrx_word' id='word_1_31' title='bbox 1355 472 1600 513; x_wconf 86' lang='lat' dir='ltr'>Consensus</span> <span class='ocrx_word' id='word_1_32' title='bbox 1651 475 1713 513; x_wconf 87' lang='lat' dir='ltr'>est</span> <span class='ocrx_word' id='word_1_33' title='bbox 1765 472 1980 513; x_wconf 86' lang='lat' dir='ltr'>delectari.</span> 
     </span>
     <span class='ocr_line' id='line_1_7' title="bbox 347 549 1982 602; baseline -0.001 -12"><span class='ocrx_word' id='word_1_34' title='bbox 347 550 437 592; x_wconf 84' lang='lat' dir='ltr'>Iam</span> <span class='ocrx_word' id='word_1_35' title='bbox 471 550 648 591; x_wconf 89' lang='lat' dir='ltr'>ulterius</span> <span class='ocrx_word' id='word_1_36' title='bbox 680 549 889 602; x_wconf 78' lang='lat' dir='ltr'>procedit,</span> <span class='ocrx_word' id='word_1_37' title='bbox 924 549 1025 602; x_wconf 80' lang='lat' dir='ltr'>quia</span> <span class='ocrx_word' id='word_1_38' title='bbox 1057 562 1135 601; x_wconf 83' lang='lat' dir='ltr'>per</span> <span class='ocrx_word' id='word_1_39' title='bbox 1168 561 1424 590; x_wconf 88' lang='lat' dir='ltr'>consensum</span> <span class='ocrx_word' id='word_1_40' title='bbox 1461 552 1502 589; x_wconf 89' lang='lat' dir='ltr'>et</span> <span class='ocrx_word' id='word_1_41' title='bbox 1535 549 1864 590; x_wconf 79' lang='lat' dir='ltr'>delectationem</span> <span class='ocrx_word' id='word_1_42' title='bbox 1893 549 1982 600; x_wconf 80' lang='lat' dir='ltr'>glo-</span> 
     </span>
     <span class='ocr_line' id='line_1_8' title="bbox 348 626 1333 680; baseline -0.002 -12"><span class='ocrx_word' id='word_1_43' title='bbox 348 627 484 668; x_wconf 82' lang='lat' dir='ltr'>riatur</span> <span class='ocrx_word' id='word_1_44' title='bbox 517 627 570 668; x_wconf 88' lang='lat' dir='ltr'>de</span> <span class='ocrx_word' id='word_1_45' title='bbox 603 626 803 680; x_wconf 83' lang='lat' dir='ltr'>peccatis,</span> <span class='ocrx_word' id='word_1_46' title='bbox 838 626 953 679; x_wconf 85' lang='lat' dir='ltr'>quod</span> <span class='ocrx_word' id='word_1_47' title='bbox 987 626 1220 679; x_wconf 88' lang='lat' dir='ltr'>pessimum</span> <span class='ocrx_word' id='word_1_48' title='bbox 1257 628 1333 666; x_wconf 89' lang='lat' dir='ltr'>est.</span> 
     </span>
    </p>

    <p class='ocr_par' dir='ltr' id='par_1_5' title="bbox 348 702 1983 1131">
     <span class='ocr_line' id='line_1_9' title="bbox 490 702 1981 755; baseline -0.001 -10"><span class='ocrx_word' id='word_1_49' title='bbox 490 704 691 745; x_wconf 77' lang='lat' dir='ltr'>Similiter</span> <span class='ocrx_word' id='word_1_50' title='bbox 706 718 732 745; x_wconf 81' lang='lat' dir='ltr'>a</span> <span class='ocrx_word' id='word_1_51' title='bbox 753 704 1003 744; x_wconf 84' lang='lat' dir='ltr'>libertate</span> <span class='ocrx_word' id='word_1_52' title='bbox 1024 703 1230 743; x_wconf 83' lang='lat' dir='ltr'>arbitrii</span> <span class='ocrx_word' id='word_1_53' title='bbox 1246 703 1414 743; x_wconf 86' lang='lat' dir='ltr'>videtur</span> <span class='ocrx_word' id='word_1_54' title='bbox 1433 715 1510 755; x_wconf 89' lang='lat' dir='ltr'>per</span> <span class='ocrx_word' id='word_1_55' title='bbox 1523 705 1746 755; x_wconf 79' lang='lat' dir='ltr'>peccatum</span> <span class='ocrx_word' id='word_1_56' title='bbox 1766 702 1981 752; x_wconf 82' lang='lat' dir='ltr'>cecidisse,</span> 
     </span>
     <span class='ocr_line' id='line_1_10' title="bbox 350 779 1982 832; baseline -0.002 -10"><span class='ocrx_word' id='word_1_57' title='bbox 350 781 586 822; x_wconf 88' lang='lat' dir='ltr'>secundum</span> <span class='ocrx_word' id='word_1_58' title='bbox 629 780 783 821; x_wconf 69' lang='lat' dir='ltr'>illudl:</span> <span class='ocrx_word' id='word_1_59' title='bbox 830 780 984 830; x_wconf 86' lang='lat' dir='ltr'>‚Homo</span> <span class='ocrx_word' id='word_1_60' title='bbox 1028 780 1140 820; x_wconf 85' lang='lat' dir='ltr'>male</span> <span class='ocrx_word' id='word_1_61' title='bbox 1177 782 1302 821; x_wconf 87' lang='lat' dir='ltr'>utens</span> <span class='ocrx_word' id='word_1_62' title='bbox 1341 779 1474 820; x_wconf 85' lang='lat' dir='ltr'>libero</span> <span class='ocrx_word' id='word_1_63' title='bbox 1508 780 1684 821; x_wconf 81' lang='lat' dir='ltr'>arbitrio</span> <span class='ocrx_word' id='word_1_64' title='bbox 1718 779 1903 832; x_wconf 79' lang='lat' dir='ltr'>perdidit</span> <span class='ocrx_word' id='word_1_65' title='bbox 1937 792 1982 819; x_wconf 90' lang='lat' dir='ltr'>se</span> 
     </span>
     <span class='ocr_line' id='line_1_11' title="bbox 349 856 1982 910; baseline -0.001 -12"><span class='ocrx_word' id='word_1_66' title='bbox 349 861 390 899; x_wconf 90' lang='lat' dir='ltr'>et</span> <span class='ocrx_word' id='word_1_67' title='bbox 410 859 580 910; x_wconf 74' lang='lat' dir='ltr'>ipsum.‘</span> <span class='ocrx_word' id='word_1_68' title='bbox 599 883 651 886; x_wconf 59' lang='grc'>»-</span> <span class='ocrx_word' id='word_1_69' title='bbox 679 858 894 899; x_wconf 77' lang='lat' dir='ltr'>Probatur</span> <span class='ocrx_word' id='word_1_70' title='bbox 922 857 1051 898; x_wconf 83' lang='lat' dir='ltr'>etiam</span> <span class='ocrx_word' id='word_1_71' title='bbox 1081 871 1105 898; x_wconf 85' lang='lat' dir='ltr'>a</span> <span class='ocrx_word' id='word_1_72' title='bbox 1133 857 1398 898; x_wconf 86' lang='lat' dir='ltr'>definitione:</span> <span class='ocrx_word' id='word_1_73' title='bbox 1435 856 1648 906; x_wconf 83' lang='lat' dir='ltr'>‚Liberum</span> <span class='ocrx_word' id='word_1_74' title='bbox 1670 857 1895 897; x_wconf 78' lang='lat' dir='ltr'>arbitrium</span> <span class='ocrx_word' id='word_1_75' title='bbox 1919 859 1982 897; x_wconf 86' lang='lat' dir='ltr'>est</span> 
     </span>
     <span class='ocr_line' id='line_1_12' title="bbox 350 934 1983 977; baseline -0.001 -1"><span class='ocrx_word' id='word_1_76' title='bbox 350 936 531 977; x_wconf 85' lang='lat' dir='ltr'>liberum</span> <span class='ocrx_word' id='word_1_77' title='bbox 580 936 632 976; x_wconf 90' lang='lat' dir='ltr'>de</span> <span class='ocrx_word' id='word_1_78' title='bbox 677 935 901 976; x_wconf 83' lang='lat' dir='ltr'>voluntate</span> <span class='ocrx_word' id='word_1_79' title='bbox 949 934 1213 975; x_wconf 79' lang='lat' dir='ltr'>iudicium‘2.</span> <span class='ocrx_word' id='word_1_80' title='bbox 1278 934 1329 974; x_wconf 87' lang='lat' dir='ltr'>Et</span> <span class='ocrx_word' id='word_1_81' title='bbox 1371 947 1457 974; x_wconf 87' lang='lat' dir='ltr'>non</span> <span class='ocrx_word' id='word_1_82' title='bbox 1500 934 1606 975; x_wconf 82' lang='lat' dir='ltr'>liber</span> <span class='ocrx_word' id='word_1_83' title='bbox 1648 936 1711 975; x_wconf 86' lang='lat' dir='ltr'>est</span> <span class='ocrx_word' id='word_1_84' title='bbox 1758 934 1888 975; x_wconf 90' lang='lat' dir='ltr'>homo</span> <span class='ocrx_word' id='word_1_85' title='bbox 1928 935 1983 975; x_wconf 79' lang='lat' dir='ltr'>ad</span> 
     </span>
     <span class='ocr_line' id='line_1_13' title="bbox 349 1011 1982 1065; baseline -0.001 -12"><span class='ocrx_word' id='word_1_86' title='bbox 349 1014 510 1053; x_wconf 87' lang='lat' dir='ltr'>bonum</span> <span class='ocrx_word' id='word_1_87' title='bbox 545 1026 622 1053; x_wconf 86' lang='lat' dir='ltr'>nec</span> <span class='ocrx_word' id='word_1_88' title='bbox 655 1014 799 1065; x_wconf 88' lang='lat' dir='ltr'>potest</span> <span class='ocrx_word' id='word_1_89' title='bbox 831 1012 994 1052; x_wconf 86' lang='lat' dir='ltr'>bonum</span> <span class='ocrx_word' id='word_1_90' title='bbox 1029 1011 1166 1052; x_wconf 84' lang='lat' dir='ltr'>facere</span> <span class='ocrx_word' id='word_1_91' title='bbox 1199 1011 1264 1052; x_wconf 89' lang='lat' dir='ltr'>vel</span> <span class='ocrx_word' id='word_1_92' title='bbox 1298 1011 1418 1061; x_wconf 77' lang='lat' dir='ltr'>velle,</span> <span class='ocrx_word' id='word_1_93' title='bbox 1464 1011 1579 1063; x_wconf 86' lang='lat' dir='ltr'>quod</span> <span class='ocrx_word' id='word_1_94' title='bbox 1613 1011 1806 1063; x_wconf 86' lang='lat' dir='ltr'>pluribus</span> <span class='ocrx_word' id='word_1_95' title='bbox 1839 1014 1982 1063; x_wconf 83' lang='lat' dir='ltr'>potest</span> 
     </span>
     <span class='ocr_line' id='line_1_14' title="bbox 348 1089 1014 1131; baseline -0.002 -1"><span class='ocrx_word' id='word_1_96' title='bbox 348 1089 634 1130; x_wconf 85' lang='lat' dir='ltr'>demonstrari</span> <span class='ocrx_word' id='word_1_97' title='bbox 670 1089 1014 1131; x_wconf 83' lang='lat' dir='ltr'>auctoritatibus.</span> 
     </span>
    </p>

    <p class='ocr_par' dir='ltr' id='par_1_6' title="bbox 345 1164 1984 1755">
     <span class='ocr_line' id='line_1_15' title="bbox 489 1164 1984 1220; baseline -0.001 -13"><span class='ocrx_word' id='word_1_98' title='bbox 489 1167 600 1208; x_wconf 88' lang='lat' dir='ltr'>Dicit</span> <span class='ocrx_word' id='word_1_99' title='bbox 633 1166 936 1218; x_wconf 79' lang='lat' dir='ltr'>Apostolus:</span> <span class='ocrx_word' id='word_1_100' title='bbox 982 1165 1077 1206; x_wconf 76' lang='lat' dir='ltr'>Non</span> <span class='ocrx_word' id='word_1_101' title='bbox 1110 1178 1251 1205; x_wconf 70' lang='lat' dir='ltr'>sumu-5⁴</span> <span class='ocrx_word' id='word_1_102' title='bbox 1283 1164 1530 1217; x_wconf 61' lang='lat' dir='ltr'>sufficientes</span> <span class='ocrx_word' id='word_1_103' title='bbox 1561 1166 1736 1220; x_wconf 53' lang='grc' dir='ltr'>σοφίαι-(3</span> <span class='ocrx_word' id='word_1_104' title='bbox 1767 1165 1927 1220; x_wconf 68' lang='lat' dir='ltr'>aliquid</span> <span class='ocrx_word' id='word_1_105' title='bbox 1959 1179 1984 1205; x_wconf 80' lang='grc' dir='ltr'>(ι</span> 
     </span>
     <span class='ocr_line' id='line_1_16' title="bbox 347 1241 1981 1298; baseline -0.002 -14"><span class='ocrx_word' id='word_1_106' title='bbox 347 1244 462 1284; x_wconf 67' lang='lat' dir='ltr'>nobis</span> <span class='ocrx_word' id='word_1_107' title='bbox 495 1244 614 1298; x_wconf 58' lang='lat' dir='ltr'>quase?</span> <span class='ocrx_word' id='word_1_108' title='bbox 646 1257 694 1283; x_wconf 58' lang='lat' dir='ltr'>er</span> <span class='ocrx_word' id='word_1_109' title='bbox 726 1243 840 1283; x_wconf 65' lang='lat' dir='ltr'>nobis</span> <span class='ocrx_word' id='word_1_110' title='bbox 874 1242 953 1296; x_wconf 83' lang='lat' dir='ltr'>(H.</span> <span class='ocrx_word' id='word_1_111' title='bbox 995 1242 1086 1284; x_wconf 71' lang='lat' dir='ltr'>Cor.</span> <span class='ocrx_word' id='word_1_112' title='bbox 1121 1242 1243 1295; x_wconf 81' lang='lat'><strong><em>3,5);</em></strong></span> <span class='ocrx_word' id='word_1_113' title='bbox 1280 1244 1321 1283; x_wconf 88' lang='lat' dir='ltr'>et</span> <span class='ocrx_word' id='word_1_114' title='bbox 1353 1241 1471 1284; x_wconf 81' lang='lat' dir='ltr'>alibi:</span> <span class='ocrx_word' id='word_1_115' title='bbox 1507 1242 1601 1295; x_wconf 73' lang='lat' dir='ltr'>Ipse</span> <span class='ocrx_word' id='word_1_116' title='bbox 1633 1246 1701 1294; x_wconf 70' lang='lat' dir='ltr'>est,</span> <span class='ocrx_word' id='word_1_117' title='bbox 1736 1243 1806 1296; x_wconf 62' lang='lat' dir='ltr'>qm?</span> <span class='ocrx_word' id='word_1_118' title='bbox 1839 1255 1981 1295; x_wconf 65' lang='lat' dir='ltr'>operet-</span> 
     </span>
     <span class='ocr_line' id='line_1_17' title="bbox 347 1319 1982 1373; baseline -0.001 -13"><span class='ocrx_word' id='word_1_119' title='bbox 347 1325 418 1361; x_wconf 69' lang='grc' dir='ltr'>την</span> <span class='ocrx_word' id='word_1_120' title='bbox 449 1321 494 1360; x_wconf 48' lang='grc' dir='ltr'>ἰ’-η»</span> <span class='ocrx_word' id='word_1_121' title='bbox 527 1320 642 1360; x_wconf 70' lang='lat' dir='ltr'>nobis</span> <span class='ocrx_word' id='word_1_122' title='bbox 674 1320 769 1360; x_wconf 42' lang='lat' dir='ltr'>&#39;velle</span> <span class='ocrx_word' id='word_1_123' title='bbox 801 1324 836 1360; x_wconf 68' lang='lat' dir='ltr'>et</span> <span class='ocrx_word' id='word_1_124' title='bbox 862 1319 1059 1373; x_wconf 68' lang='lat' dir='ltr'>perficere</span> <span class='ocrx_word' id='word_1_125' title='bbox 1092 1319 1217 1372; x_wconf 68' lang='lat' dir='ltr'>(Phil.</span> <span class='ocrx_word' id='word_1_126' title='bbox 1252 1319 1401 1372; x_wconf 68' lang='lat'><strong><em>2,13);</em></strong></span> <span class='ocrx_word' id='word_1_127' title='bbox 1450 1322 1491 1360; x_wconf 89' lang='lat' dir='ltr'>et</span> <span class='ocrx_word' id='word_1_128' title='bbox 1524 1319 1641 1360; x_wconf 82' lang='lat' dir='ltr'>alibi:</span> <span class='ocrx_word' id='word_1_129' title='bbox 1690 1319 1785 1359; x_wconf 73' lang='lat' dir='ltr'>Non</span> <span class='ocrx_word' id='word_1_130' title='bbox 1822 1324 1877 1359; x_wconf 69' lang='lat' dir='ltr'>est</span> <span class='ocrx_word' id='word_1_131' title='bbox 1919 1332 1982 1358; x_wconf 75' lang='lat' dir='ltr'>vo-</span> 
     </span>
     <span class='ocr_line' id='line_1_18' title="bbox 347 1395 1976 1451; baseline -0.001 -14"><span class='ocrx_word' id='word_1_132' title='bbox 347 1398 466 1437; x_wconf 69' lang='lat' dir='ltr'>lentis</span> <span class='ocrx_word' id='word_1_133' title='bbox 507 1408 631 1451; x_wconf 62' lang='lat' dir='ltr'>meque</span> <span class='ocrx_word' id='word_1_134' title='bbox 675 1398 892 1449; x_wconf 45' lang='lat' dir='ltr'>currenti&amp;</span> <span class='ocrx_word' id='word_1_135' title='bbox 948 1396 1016 1437; x_wconf 67' lang='lat' dir='ltr'>sed</span> <span class='ocrx_word' id='word_1_136' title='bbox 1061 1400 1221 1436; x_wconf 61' lang='lat' dir='ltr'>temetum</span> <span class='ocrx_word' id='word_1_137' title='bbox 1267 1397 1494 1436; x_wconf 56' lang='lat' dir='ltr'>„merentis</span> <span class='ocrx_word' id='word_1_138' title='bbox 1540 1396 1617 1436; x_wconf 66' lang='lat' dir='ltr'>Dee&amp;</span> <span class='ocrx_word' id='word_1_139' title='bbox 1663 1396 1796 1450; x_wconf 74' lang='lat' dir='ltr'><em>(Rom.</em></span> <span class='ocrx_word' id='word_1_140' title='bbox 1834 1395 1976 1449; x_wconf 46' lang='lat'>(216).</span> 
     </span>
     <span class='ocr_line' id='line_1_19' title="bbox 347 1459 1981 1526; baseline -0.001 -11"><span class='ocrx_word' id='word_1_141' title='bbox 347 1475 453 1516; x_wconf 88' lang='lat' dir='ltr'>Dicit</span> <span class='ocrx_word' id='word_1_142' title='bbox 486 1475 805 1525; x_wconf 79' lang='lat' dir='ltr'>Augustinus</span> <span class='ocrx_word' id='word_1_143' title='bbox 838 1487 967 1526; x_wconf 87' lang='lat' dir='ltr'>super</span> <span class='ocrx_word' id='word_1_144' title='bbox 1000 1473 1113 1514; x_wconf 84' lang='lat' dir='ltr'>hunc</span> <span class='ocrx_word' id='word_1_145' title='bbox 1146 1459 1285 1514; x_wconf 86' lang='lat' dir='ltr'>locum</span> <span class='ocrx_word' id='word_1_146' title='bbox 1305 1475 1336 1514; x_wconf 79' lang='lat'>3:</span> <span class='ocrx_word' id='word_1_147' title='bbox 1386 1473 1444 1523; x_wconf 82' lang='lat' dir='ltr'>‚Si</span> <span class='ocrx_word' id='word_1_148' title='bbox 1477 1472 1519 1513; x_wconf 89' lang='lat' dir='ltr'>in</span> <span class='ocrx_word' id='word_1_149' title='bbox 1552 1473 1633 1514; x_wconf 88' lang='lat' dir='ltr'>hoc</span> <span class='ocrx_word' id='word_1_150' title='bbox 1665 1486 1794 1514; x_wconf 89' lang='lat' dir='ltr'>sensu</span> <span class='ocrx_word' id='word_1_151' title='bbox 1827 1473 1981 1514; x_wconf 89' lang='lat' dir='ltr'>intelli-</span> 
     </span>
     <span class='ocr_line' id='line_1_20' title="bbox 345 1550 1982 1603; baseline -0.001 -11"><span class='ocrx_word' id='word_1_152' title='bbox 345 1554 528 1603; x_wconf 77' lang='lat' dir='ltr'>geretur,</span> <span class='ocrx_word' id='word_1_153' title='bbox 573 1565 661 1592; x_wconf 87' lang='lat' dir='ltr'>non</span> <span class='ocrx_word' id='word_1_154' title='bbox 706 1554 769 1593; x_wconf 90' lang='lat' dir='ltr'>est</span> <span class='ocrx_word' id='word_1_155' title='bbox 813 1554 982 1592; x_wconf 78' lang='lat' dir='ltr'>tantum</span> <span class='ocrx_word' id='word_1_156' title='bbox 1017 1550 1198 1592; x_wconf 84' lang='lat' dir='ltr'>volentis</span> <span class='ocrx_word' id='word_1_157' title='bbox 1230 1563 1371 1603; x_wconf 81' lang='lat' dir='ltr'>neque</span> <span class='ocrx_word' id='word_1_158' title='bbox 1410 1551 1632 1601; x_wconf 84' lang='lat' dir='ltr'>currentis,</span> <span class='ocrx_word' id='word_1_159' title='bbox 1679 1551 1754 1592; x_wconf 88' lang='lat' dir='ltr'>sed</span> <span class='ocrx_word' id='word_1_160' title='bbox 1790 1550 1864 1591; x_wconf 91' lang='lat' dir='ltr'>Dei</span> <span class='ocrx_word' id='word_1_161' title='bbox 1901 1550 1982 1590; x_wconf 91' lang='lat' dir='ltr'>mi-</span> 
     </span>
     <span class='ocr_line' id='line_1_21' title="bbox 346 1626 1977 1682; baseline -0.001 -12"><span class='ocrx_word' id='word_1_162' title='bbox 346 1630 539 1680; x_wconf 78' lang='lat' dir='ltr'>serentiS,</span> <span class='ocrx_word' id='word_1_163' title='bbox 593 1630 687 1682; x_wconf 85' lang='lat' dir='ltr'>pari</span> <span class='ocrx_word' id='word_1_164' title='bbox 742 1629 909 1670; x_wconf 82' lang='lat' dir='ltr'>ratione</span> <span class='ocrx_word' id='word_1_165' title='bbox 965 1630 1112 1681; x_wconf 89' lang='lat' dir='ltr'>posset</span> <span class='ocrx_word' id='word_1_166' title='bbox 1167 1628 1266 1669; x_wconf 89' lang='lat' dir='ltr'>dici:</span> <span class='ocrx_word' id='word_1_167' title='bbox 1332 1626 1426 1668; x_wconf 61' lang='lat' dir='ltr'>Noti</span> <span class='ocrx_word' id='word_1_168' title='bbox 1480 1630 1544 1669; x_wconf 89' lang='lat' dir='ltr'>est</span> <span class='ocrx_word' id='word_1_169' title='bbox 1600 1628 1854 1678; x_wconf 82' lang='lat' dir='ltr'>miserentis,</span> <span class='ocrx_word' id='word_1_170' title='bbox 1901 1627 1977 1668; x_wconf 87' lang='lat' dir='ltr'>sed</span> 
     </span>
     <span class='ocr_line' id='line_1_22' title="bbox 345 1704 1975 1755; baseline -0.001 -8"><span class='ocrx_word' id='word_1_171' title='bbox 345 1707 531 1748; x_wconf 86' lang='lat' dir='ltr'>hominis</span> <span class='ocrx_word' id='word_1_172' title='bbox 566 1706 747 1748; x_wconf 84' lang='lat' dir='ltr'>volentis</span> <span class='ocrx_word' id='word_1_173' title='bbox 780 1709 821 1747; x_wconf 90' lang='lat' dir='ltr'>et</span> <span class='ocrx_word' id='word_1_174' title='bbox 854 1705 1091 1747; x_wconf 86' lang='lat' dir='ltr'>currentis.‘</span> <span class='ocrx_word' id='word_1_175' title='bbox 1155 1704 1281 1755; x_wconf 86' lang='lat' dir='ltr'>Quod</span> <span class='ocrx_word' id='word_1_176' title='bbox 1323 1705 1558 1746; x_wconf 86' lang='lat' dir='ltr'>absurdum</span> <span class='ocrx_word' id='word_1_177' title='bbox 1599 1705 1768 1746; x_wconf 84' lang='lat' dir='ltr'>videtur</span> <span class='ocrx_word' id='word_1_178' title='bbox 1813 1708 1854 1746; x_wconf 88' lang='lat' dir='ltr'>et</span> <span class='ocrx_word' id='word_1_179' title='bbox 1900 1705 1975 1745; x_wconf 79' lang='lat' dir='ltr'>ab·</span> 
     </span>
    </p>
   </div>
   <div class='ocr_carea' id='block_1_5' title="bbox 292 1782 1982 1836">
    <p class='ocr_par' dir='ltr' id='par_1_7' title="bbox 292 1782 1982 1836">
     <span class='ocr_line' id='line_1_23' title="bbox 292 1782 1982 1836; baseline 0 -14"><span class='ocrx_word' id='word_1_180' title='bbox 292 1797 307 1821; x_wconf 74' lang='lat'><strong>2</strong></span> <span class='ocrx_word' id='word_1_181' title='bbox 346 1797 514 1825; x_wconf 90' lang='lat' dir='ltr'>sonum.</span> <span class='ocrx_word' id='word_1_182' title='bbox 580 1784 702 1825; x_wconf 89' lang='lat' dir='ltr'>Unde</span> <span class='ocrx_word' id='word_1_183' title='bbox 747 1797 832 1824; x_wconf 89' lang='lat' dir='ltr'>non</span> <span class='ocrx_word' id='word_1_184' title='bbox 878 1783 1022 1836; x_wconf 84' lang='lat' dir='ltr'>aliqua</span> <span class='ocrx_word' id='word_1_185' title='bbox 1066 1783 1203 1832; x_wconf 87' lang='lat' dir='ltr'>nobis,</span> <span class='ocrx_word' id='word_1_186' title='bbox 1243 1782 1325 1824; x_wconf 82' lang='lat' dir='ltr'>alia</span> <span class='ocrx_word' id='word_1_187' title='bbox 1361 1782 1448 1823; x_wconf 91' lang='lat' dir='ltr'>Deo</span> <span class='ocrx_word' id='word_1_188' title='bbox 1481 1782 1583 1823; x_wconf 75' lang='lat' dir='ltr'>data</span> <span class='ocrx_word' id='word_1_189' title='bbox 1616 1785 1728 1833; x_wconf 84' lang='lat' dir='ltr'>sunt,</span> <span class='ocrx_word' id='word_1_190' title='bbox 1769 1782 1844 1823; x_wconf 90' lang='lat' dir='ltr'>sed</span> <span class='ocrx_word' id='word_1_191' title='bbox 1889 1795 1982 1823; x_wconf 88' lang='lat' dir='ltr'>om-</span> 
     </span>
    </p>
   </div>
   <div class='ocr_carea' id='block_1_6' title="bbox 346 1858 1980 1947">
    <p class='ocr_par' dir='ltr' id='par_1_8' title="bbox 346 1858 1980 1947">
     <span class='ocr_line' id='line_1_24' title="bbox 346 1858 1980 1947; baseline -0.001 -46"><span class='ocrx_word' id='word_1_192' title='bbox 346 1862 416 1902; x_wconf 81' lang='lat' dir='ltr'>nia</span> <span class='ocrx_word' id='word_1_193' title='bbox 458 1861 551 1947; x_wconf 86' lang='lat' dir='ltr'>ipsi</span> <span class='ocrx_word' id='word_1_194' title='bbox 594 1875 619 1903; x_wconf 83' lang='lat' dir='ltr'>a</span> <span class='ocrx_word' id='word_1_195' title='bbox 659 1874 745 1914; x_wconf 86' lang='lat' dir='ltr'>quo</span> <span class='ocrx_word' id='word_1_196' title='bbox 789 1863 901 1911; x_wconf 91' lang='lat' dir='ltr'>sunt</span> <span class='ocrx_word' id='word_1_197' title='bbox 945 1861 1017 1913; x_wconf 86' lang='lat' dir='ltr'>qui</span> <span class='ocrx_word' id='word_1_198' title='bbox 1051 1862 1114 1902; x_wconf 87' lang='lat' dir='ltr'>est</span> <span class='ocrx_word' id='word_1_199' title='bbox 1147 1862 1186 1900; x_wconf 79' lang='lat' dir='ltr'><em>A</em></span> <span class='ocrx_word' id='word_1_200' title='bbox 1221 1862 1262 1901; x_wconf 90' lang='lat' dir='ltr'>et</span> <span class='ocrx_word' id='word_1_201' title='bbox 1299 1858 1346 1909; x_wconf 85' lang='lat' dir='ltr'>O,</span> <span class='ocrx_word' id='word_1_202' title='bbox 1379 1860 1634 1912; x_wconf 87' lang='lat' dir='ltr'>principium</span> <span class='ocrx_word' id='word_1_203' title='bbox 1669 1862 1844 1901; x_wconf 82' lang='lat' dir='ltr'>nostrae</span> <span class='ocrx_word' id='word_1_204' title='bbox 1876 1873 1980 1912; x_wconf 92' lang='lat' dir='ltr'>ope-</span> 
     </span>
    </p>
   </div>
   <div class='ocr_carea' id='block_1_7' title="bbox 346 1945 1983 2168">
    <p class='ocr_par' dir='ltr' id='par_1_9' title="bbox 346 1945 1983 2139">
     <span class='ocr_line' id='line_1_25' title="bbox 492 1945 1980 2019; baseline -0.001 -10"><span class='ocrx_word' id='word_1_205' title='bbox 492 1978 506 2009; x_wconf 92' lang='grc'>1</span> <span class='ocrx_word' id='word_1_206' title='bbox 534 1946 668 2010; x_wconf 83' lang='lat' dir='ltr'>factus</span> <span class='ocrx_word' id='word_1_207' title='bbox 666 1978 707 2009; x_wconf 68' lang='lat' dir='ltr'>R.</span> <span class='ocrx_word' id='word_1_208' title='bbox 789 1945 821 2008; x_wconf 98' lang='grc'>2</span> <span class='ocrx_word' id='word_1_209' title='bbox 838 1977 983 2019; x_wconf 76' lang='lat' dir='ltr'>peccato</span> <span class='ocrx_word' id='word_1_210' title='bbox 1000 1977 1038 2008; x_wconf 78' lang='grc'><strong><em>4.</em></strong></span> <span class='ocrx_word' id='word_1_211' title='bbox 1115 1975 1134 2008; x_wconf 87' lang='grc'>9</span> <span class='ocrx_word' id='word_1_212' title='bbox 1157 1980 1235 2017; x_wconf 59' lang='lat' dir='ltr'>poss</span> <span class='ocrx_word' id='word_1_213' title='bbox 1252 1973 1436 2007; x_wconf 79' lang='lat' dir='ltr'>voluntate</span> <span class='ocrx_word' id='word_1_214' title='bbox 1452 1974 1829 2009; x_wconf 71' lang='lat' dir='ltr'>mld.lanin1i.17</span> <span class='ocrx_word' id='word_1_215' title='bbox 1853 1973 1980 2017; x_wconf 81' lang='lat' dir='ltr'>neque]</span> 
     </span>
     <span class='ocr_line' id='line_1_26' title="bbox 346 2032 1983 2079; baseline -0.002 -10"><span class='ocrx_word' id='word_1_216' title='bbox 346 2039 382 2069; x_wconf 91' lang='lat' dir='ltr'>et</span> <span class='ocrx_word' id='word_1_217' title='bbox 400 2038 438 2071; x_wconf 67' lang='grc' dir='ltr'>Ι).</span> <span class='ocrx_word' id='word_1_218' title='bbox 533 2041 614 2079; x_wconf 64' lang='lat' dir='ltr'>past</span> <span class='ocrx_word' id='word_1_219' title='bbox 634 2035 694 2069; x_wconf 86' lang='lat' dir='ltr'>sed</span> <span class='ocrx_word' id='word_1_220' title='bbox 717 2037 799 2070; x_wconf 74' lang='lat' dir='ltr'>add</span> <span class='ocrx_word' id='word_1_221' title='bbox 818 2037 848 2068; x_wconf 81' lang='lat' dir='ltr'><em>R</em></span> <span class='ocrx_word' id='word_1_222' title='bbox 863 2035 983 2068; x_wconf 79' lang='lat' dir='ltr'>etiam.</span> <span class='ocrx_word' id='word_1_223' title='bbox 1062 2034 1102 2067; x_wconf 82' lang='lat'>18</span> <span class='ocrx_word' id='word_1_224' title='bbox 1129 2035 1247 2077; x_wconf 84' lang='lat' dir='ltr'>potest</span> <span class='ocrx_word' id='word_1_225' title='bbox 1264 2035 1302 2070; x_wconf 76' lang='lat' dir='ltr'>R,</span> <span class='ocrx_word' id='word_1_226' title='bbox 1378 2039 1456 2076; x_wconf 65' lang='lat' dir='ltr'>post</span> <span class='ocrx_word' id='word_1_227' title='bbox 1471 2035 1525 2066; x_wconf 86' lang='lat' dir='ltr'>est</span> <span class='ocrx_word' id='word_1_228' title='bbox 1540 2035 1622 2067; x_wconf 77' lang='lat' dir='ltr'>add.</span> <span class='ocrx_word' id='word_1_229' title='bbox 1643 2036 1670 2067; x_wconf 74' lang='lat' dir='ltr'><em>R</em></span> <span class='ocrx_word' id='word_1_230' title='bbox 1688 2032 1760 2068; x_wconf 91' lang='lat' dir='ltr'>Dei.</span> <span class='ocrx_word' id='word_1_231' title='bbox 1835 2033 1879 2066; x_wconf 87' lang='grc'>20</span> <span class='ocrx_word' id='word_1_232' title='bbox 1901 2038 1983 2076; x_wconf 73' lang='lat' dir='ltr'>post</span> 
     </span>
     <span class='ocr_line' id='line_1_27' title="bbox 346 2093 1300 2168; baseline -0.002 -40"><span class='ocrx_word' id='word_1_233' title='bbox 346 2095 415 2129; x_wconf 83' lang='lat' dir='ltr'>alia</span> <span class='ocrx_word' id='word_1_234' title='bbox 442 2097 524 2129; x_wconf 71' lang='lat' dir='ltr'>add.</span> <span class='ocrx_word' id='word_1_235' title='bbox 542 2098 571 2129; x_wconf 79' lang='lat' dir='ltr'><strong><em>A</em></strong></span> <span class='ocrx_word' id='word_1_236' title='bbox 599 2107 628 2130; x_wconf 88' lang='lat' dir='ltr'>a</span> <span class='ocrx_word' id='word_1_237' title='bbox 728 2095 768 2128; x_wconf 90' lang='grc'>21</span> <span class='ocrx_word' id='word_1_238' title='bbox 784 2095 878 2168; x_wconf 80' lang='lat' dir='ltr'>ipsa</span> <span class='ocrx_word' id='word_1_239' title='bbox 894 2097 935 2128; x_wconf 95' lang='grc'><strong><em>4.</em></strong></span> <span class='ocrx_word' id='word_1_240' title='bbox 999 2109 1001 2113; x_wconf 68' lang='grc'><strong><em>-</em></strong></span> <span class='ocrx_word' id='word_1_241' title='bbox 1047 2094 1119 2138; x_wconf 86' lang='lat' dir='ltr'>qui]</span> <span class='ocrx_word' id='word_1_242' title='bbox 1147 2093 1237 2137; x_wconf 90' lang='lat' dir='ltr'>quod</span> <span class='ocrx_word' id='word_1_243' title='bbox 1262 2095 1300 2126; x_wconf 80' lang='lat' dir='ltr'>B.</span> 
     </span>
    </p>
   </div>
   <div class='ocr_carea' id='block_1_8' title="bbox 344 2166 1983 3131">
    <p class='ocr_par' dir='ltr' id='par_1_10' title="bbox 345 2166 1983 2355">
     <span class='ocr_line' id='line_1_28' title="bbox 485 2166 1982 2240; baseline -0.003 -9"><span class='ocrx_word' id='word_1_244' title='bbox 485 2197 493 2215; x_wconf 84' lang='lat'>¹</span> <span class='ocrx_word' id='word_1_245' title='bbox 499 2166 761 2240; x_wconf 79' lang='lat' dir='ltr'>Augustin.</span> <span class='ocrx_word' id='word_1_246' title='bbox 798 2198 1036 2230; x_wconf 68' lang='lat' dir='ltr'>Enchimdion</span> <span class='ocrx_word' id='word_1_247' title='bbox 1072 2208 1100 2230; x_wconf 83' lang='lat' dir='ltr'>c.</span> <span class='ocrx_word' id='word_1_248' title='bbox 1139 2196 1192 2232; x_wconf 86' lang='lat'>30</span> <span class='ocrx_word' id='word_1_249' title='bbox 1233 2195 1314 2238; x_wconf 77' lang='lat' dir='ltr'>(PL.</span> <span class='ocrx_word' id='word_1_250' title='bbox 1335 2196 1390 2235; x_wconf 81' lang='lat'>40,</span> <span class='ocrx_word' id='word_1_251' title='bbox 1414 2195 1512 2237; x_wconf 82' lang='grc'><strong><em>246);</em></strong></span> <span class='ocrx_word' id='word_1_252' title='bbox 1560 2194 1648 2228; x_wconf 78' lang='lat' dir='ltr'>Nam</span> <span class='ocrx_word' id='word_1_253' title='bbox 1686 2194 1796 2228; x_wconf 84' lang='lat' dir='ltr'>libero</span> <span class='ocrx_word' id='word_1_254' title='bbox 1835 2194 1982 2227; x_wconf 76' lang='lat' dir='ltr'>arbitrio</span> 
     </span>
     <span class='ocr_line' id='line_1_29' title="bbox 345 2255 1231 2326; baseline -0.003 -36"><span class='ocrx_word' id='word_1_255' title='bbox 345 2269 389 2290; x_wconf 90' lang='lat' dir='ltr'>m·</span> <span class='ocrx_word' id='word_1_256' title='bbox 383 2257 437 2290; x_wconf 81' lang='lat' dir='ltr'>ale</span> <span class='ocrx_word' id='word_1_257' title='bbox 464 2259 566 2326; x_wconf 86' lang='lat' dir='ltr'>utens</span> <span class='ocrx_word' id='word_1_258' title='bbox 592 2256 706 2290; x_wconf 90' lang='lat' dir='ltr'>homo.</span> <span class='ocrx_word' id='word_1_259' title='bbox 734 2258 770 2289; x_wconf 91' lang='lat' dir='ltr'>et</span> <span class='ocrx_word' id='word_1_260' title='bbox 796 2268 834 2289; x_wconf 83' lang='lat' dir='ltr'>se</span> <span class='ocrx_word' id='word_1_261' title='bbox 860 2255 1017 2300; x_wconf 74' lang='lat' dir='ltr'>perdidit</span> <span class='ocrx_word' id='word_1_262' title='bbox 1043 2260 1078 2289; x_wconf 84' lang='lat' dir='ltr'>et</span> <span class='ocrx_word' id='word_1_263' title='bbox 1106 2255 1231 2299; x_wconf 83' lang='lat' dir='ltr'>ipsum.</span> 
     </span>
     <span class='ocr_line' id='line_1_30' title="bbox 489 2312 1983 2356; baseline -0.001 -7.948"><span class='ocrx_word' id='word_1_264' title='bbox 489 2314 756 2355; x_wconf 74' lang='lat' dir='ltr'>2ssoethius‚</span> <span class='ocrx_word' id='word_1_265' title='bbox 795 2317 878 2348; x_wconf 52' lang='lat' dir='ltr'>Pam</span> <span class='ocrx_word' id='word_1_266' title='bbox 919 2316 1138 2348; x_wconf 60' lang='lat' dir='ltr'>het-menelae</span> <span class='ocrx_word' id='word_1_267' title='bbox 1173 2314 1194 2349; x_wconf 92' lang='lat' dir='ltr'>l</span> <span class='ocrx_word' id='word_1_268' title='bbox 1233 2314 1293 2347; x_wconf 89' lang='lat' dir='ltr'>Ill.</span> <span class='ocrx_word' id='word_1_269' title='bbox 1330 2313 1384 2347; x_wconf 86' lang='lat' dir='ltr'>ed.</span> <span class='ocrx_word' id='word_1_270' title='bbox 1420 2313 1464 2348; x_wconf 91' lang='grc' dir='ltr'>Π.</span> <span class='ocrx_word' id='word_1_271' title='bbox 1505 2312 1586 2355; x_wconf 77' lang='lat' dir='ltr'>(PL.</span> <span class='ocrx_word' id='word_1_272' title='bbox 1621 2313 1674 2353; x_wconf 84' lang='grc'><strong><em>64,</em></strong></span> <span class='ocrx_word' id='word_1_273' title='bbox 1707 2312 1776 2346; x_wconf 88' lang='grc'>492</span> <span class='ocrx_word' id='word_1_274' title='bbox 1808 2315 1871 2356; x_wconf 81' lang='lat' dir='ltr'>D):</span> <span class='ocrx_word' id='word_1_275' title='bbox 1918 2312 1983 2346; x_wconf 85' lang='lat' dir='ltr'>Est</span> 
     </span>
    </p>

    <p class='ocr_par' dir='ltr' id='par_1_11' title="bbox 345 2365 1573 2409">
     <span class='ocr_line' id='line_1_31' title="bbox 345 2365 1573 2409; baseline -0.003 -1"><span class='ocrx_word' id='word_1_276' title='bbox 345 2375 493 2409; x_wconf 87' lang='lat' dir='ltr'>liberum</span> <span class='ocrx_word' id='word_1_277' title='bbox 522 2374 730 2408; x_wconf 78' lang='lat' dir='ltr'>albitrium.</span> <span class='ocrx_word' id='word_1_278' title='bbox 771 2365 954 2407; x_wconf 86' lang='lat' dir='ltr'>.libe1uin</span> <span class='ocrx_word' id='word_1_279' title='bbox 982 2373 1084 2406; x_wconf 87' lang='lat' dir='ltr'>nobis</span> <span class='ocrx_word' id='word_1_280' title='bbox 1112 2372 1154 2406; x_wconf 88' lang='lat' dir='ltr'>de</span> <span class='ocrx_word' id='word_1_281' title='bbox 1181 2372 1365 2406; x_wconf 83' lang='lat' dir='ltr'>voluntate</span> <span class='ocrx_word' id='word_1_282' title='bbox 1393 2366 1573 2406; x_wconf 89' lang='lat' dir='ltr'>iudicium.</span> 
     </span>
    </p>

    <p class='ocr_par' dir='ltr' id='par_1_12' title="bbox 344 2404 1981 3131">
     <span class='ocr_line' id='line_1_32' title="bbox 488 2404 1980 2475; baseline -0.002 -8"><span class='ocrx_word' id='word_1_283' title='bbox 488 2432 500 2450; x_wconf 72' lang='lat'>³³</span> <span class='ocrx_word' id='word_1_284' title='bbox 526 2404 767 2467; x_wconf 59' lang='lat' dir='ltr'>Eucharidfaiz</span> <span class='ocrx_word' id='word_1_285' title='bbox 802 2445 830 2467; x_wconf 85' lang='lat' dir='ltr'>c.</span> <span class='ocrx_word' id='word_1_286' title='bbox 867 2433 910 2466; x_wconf 79' lang='lat'>32</span> <span class='ocrx_word' id='word_1_287' title='bbox 949 2432 1028 2473; x_wconf 78' lang='lat' dir='ltr'>(PL.</span> <span class='ocrx_word' id='word_1_288' title='bbox 1051 2432 1107 2472; x_wconf 82' lang='lat'>40,</span> <span class='ocrx_word' id='word_1_289' title='bbox 1135 2431 1233 2472; x_wconf 73' lang='lat'>248):</span> <span class='ocrx_word' id='word_1_290' title='bbox 1275 2431 1440 2475; x_wconf 83' lang='lat' dir='ltr'>Alioquin</span> <span class='ocrx_word' id='word_1_291' title='bbox 1473 2431 1501 2464; x_wconf 89' lang='lat' dir='ltr'>si</span> <span class='ocrx_word' id='word_1_292' title='bbox 1533 2432 1722 2474; x_wconf 82' lang='lat' dir='ltr'>propterea</span> <span class='ocrx_word' id='word_1_293' title='bbox 1755 2431 1886 2464; x_wconf 84' lang='lat' dir='ltr'>dictum</span> <span class='ocrx_word' id='word_1_294' title='bbox 1915 2433 1980 2471; x_wconf 84' lang='lat' dir='ltr'>est,</span> 
     </span>
     <span class='ocr_line' id='line_1_33' title="bbox 346 2489 1980 2536; baseline -0.002 -9"><span class='ocrx_word' id='word_1_295' title='bbox 346 2496 426 2527; x_wconf 69' lang='lat' dir='ltr'>Non</span> <span class='ocrx_word' id='word_1_296' title='bbox 462 2495 608 2526; x_wconf 60' lang='lat' dir='ltr'>volemis</span> <span class='ocrx_word' id='word_1_297' title='bbox 643 2505 750 2536; x_wconf 57' lang='lat' dir='ltr'>&gt;meque</span> <span class='ocrx_word' id='word_1_298' title='bbox 784 2494 963 2525; x_wconf 67' lang='lat' dir='ltr'>currentis</span> <span class='ocrx_word' id='word_1_299' title='bbox 990 2493 1050 2525; x_wconf 68' lang='lat' dir='ltr'>sed</span> <span class='ocrx_word' id='word_1_300' title='bbox 1076 2493 1275 2524; x_wconf 70' lang='lat' dir='ltr'>miserentis</span> <span class='ocrx_word' id='word_1_301' title='bbox 1310 2496 1358 2523; x_wconf 69' lang='lat' dir='ltr'>est</span> <span class='ocrx_word' id='word_1_302' title='bbox 1385 2492 1462 2533; x_wconf 64' lang='lat' dir='ltr'>Dei,</span> <span class='ocrx_word' id='word_1_303' title='bbox 1499 2489 1582 2533; x_wconf 79' lang='lat' dir='ltr'>quia</span> <span class='ocrx_word' id='word_1_304' title='bbox 1616 2501 1659 2523; x_wconf 84' lang='lat' dir='ltr'>ex</span> <span class='ocrx_word' id='word_1_305' title='bbox 1687 2492 1835 2534; x_wconf 90' lang='lat' dir='ltr'>utroque</span> <span class='ocrx_word' id='word_1_306' title='bbox 1862 2490 1917 2527; x_wconf 73' lang='lat' dir='ltr'>fit:</span> <span class='ocrx_word' id='word_1_307' title='bbox 1948 2490 1980 2523; x_wconf 91' lang='lat' dir='ltr'>id</span> 
     </span>
     <span class='ocr_line' id='line_1_34' title="bbox 345 2548 1976 2593; baseline -0.002 -7"><span class='ocrx_word' id='word_1_308' title='bbox 345 2555 409 2593; x_wconf 76' lang='lat' dir='ltr'>est,</span> <span class='ocrx_word' id='word_1_309' title='bbox 447 2554 482 2586; x_wconf 86' lang='lat' dir='ltr'>et</span> <span class='ocrx_word' id='word_1_310' title='bbox 516 2551 701 2585; x_wconf 86' lang='lat' dir='ltr'>voluntate</span> <span class='ocrx_word' id='word_1_311' title='bbox 738 2551 892 2585; x_wconf 86' lang='lat' dir='ltr'>hominis</span> <span class='ocrx_word' id='word_1_312' title='bbox 930 2552 965 2584; x_wconf 87' lang='lat' dir='ltr'>et</span> <span class='ocrx_word' id='word_1_313' title='bbox 997 2549 1242 2584; x_wconf 77' lang='lat' dir='ltr'>misericordia</span> <span class='ocrx_word' id='word_1_314' title='bbox 1277 2548 1360 2588; x_wconf 89' lang='lat' dir='ltr'>Dei;</span> <span class='ocrx_word' id='word_1_315' title='bbox 1411 2551 1451 2582; x_wconf 89' lang='lat' dir='ltr'>ut</span> <span class='ocrx_word' id='word_1_316' title='bbox 1485 2549 1537 2582; x_wconf 75' lang='lat' dir='ltr'>sio</span> <span class='ocrx_word' id='word_1_317' title='bbox 1573 2548 1703 2583; x_wconf 86' lang='lat' dir='ltr'>dictum</span> <span class='ocrx_word' id='word_1_318' title='bbox 1743 2549 1976 2593; x_wconf 76' lang='lat' dir='ltr'>accipiamus:</span> 
     </span>
     <span class='ocr_line' id='line_1_35' title="bbox 346 2607 1980 2654; baseline -0.002 -9"><span class='ocrx_word' id='word_1_319' title='bbox 346 2614 426 2645; x_wconf 77' lang='lat' dir='ltr'>Non</span> <span class='ocrx_word' id='word_1_320' title='bbox 451 2613 598 2645; x_wconf 47' lang='lat' dir='ltr'>fz-olentis</span> <span class='ocrx_word' id='word_1_321' title='bbox 623 2622 730 2654; x_wconf 70' lang='lat' dir='ltr'>neque</span> <span class='ocrx_word' id='word_1_322' title='bbox 757 2612 937 2644; x_wconf 66' lang='lat' dir='ltr'>currentis</span> <span class='ocrx_word' id='word_1_323' title='bbox 963 2611 1024 2643; x_wconf 70' lang='lat' dir='ltr'>sed</span> <span class='ocrx_word' id='word_1_324' title='bbox 1051 2611 1250 2642; x_wconf 64' lang='lat' dir='ltr'>nil-serentis</span> <span class='ocrx_word' id='word_1_325' title='bbox 1277 2613 1327 2641; x_wconf 73' lang='lat' dir='ltr'>est</span> <span class='ocrx_word' id='word_1_326' title='bbox 1354 2610 1430 2652; x_wconf 58' lang='lat' dir='ltr'>Dei,</span> <span class='ocrx_word' id='word_1_327' title='bbox 1464 2610 1647 2651; x_wconf 77' lang='lat' dir='ltr'>tamquam</span> <span class='ocrx_word' id='word_1_328' title='bbox 1675 2608 1867 2643; x_wconf 73' lang='lat' dir='ltr'>diceretur:</span> <span class='ocrx_word' id='word_1_329' title='bbox 1903 2607 1980 2642; x_wconf 87' lang='lat' dir='ltr'>Non</span> 
     </span>
     <span class='ocr_line' id='line_1_36' title="bbox 345 2667 1981 2711; baseline -0.002 -7"><span class='ocrx_word' id='word_1_330' title='bbox 345 2671 479 2704; x_wconf 82' lang='lat' dir='ltr'>sufficit</span> <span class='ocrx_word' id='word_1_331' title='bbox 515 2670 590 2704; x_wconf 87' lang='lat' dir='ltr'>sola</span> <span class='ocrx_word' id='word_1_332' title='bbox 626 2670 791 2704; x_wconf 83' lang='lat' dir='ltr'>voluntas</span> <span class='ocrx_word' id='word_1_333' title='bbox 827 2669 991 2709; x_wconf 83' lang='lat' dir='ltr'>hominis⁷</span> <span class='ocrx_word' id='word_1_334' title='bbox 1029 2669 1057 2702; x_wconf 86' lang='lat' dir='ltr'>si</span> <span class='ocrx_word' id='word_1_335' title='bbox 1095 2680 1163 2701; x_wconf 92' lang='lat' dir='ltr'>non</span> <span class='ocrx_word' id='word_1_336' title='bbox 1199 2667 1248 2701; x_wconf 85' lang='lat' dir='ltr'>sit</span> <span class='ocrx_word' id='word_1_337' title='bbox 1275 2667 1383 2701; x_wconf 85' lang='lat' dir='ltr'>etiam</span> <span class='ocrx_word' id='word_1_338' title='bbox 1411 2667 1654 2701; x_wconf 81' lang='lat' dir='ltr'>misericordia</span> <span class='ocrx_word' id='word_1_339' title='bbox 1681 2667 1761 2711; x_wconf 82' lang='lat' dir='ltr'>Dei;</span> <span class='ocrx_word' id='word_1_340' title='bbox 1801 2679 1868 2700; x_wconf 91' lang='lat' dir='ltr'>non</span> <span class='ocrx_word' id='word_1_341' title='bbox 1897 2678 1981 2710; x_wconf 84' lang='lat' dir='ltr'>ergo</span> 
     </span>
     <span class='ocr_line' id='line_1_37' title="bbox 345 2726 1980 2767; baseline -0.003 -3"><span class='ocrx_word' id='word_1_342' title='bbox 345 2730 481 2764; x_wconf 85' lang='lat' dir='ltr'>sufficit</span> <span class='ocrx_word' id='word_1_343' title='bbox 507 2732 542 2764; x_wconf 91' lang='lat' dir='ltr'>et</span> <span class='ocrx_word' id='word_1_344' title='bbox 567 2729 644 2763; x_wconf 83' lang='lat' dir='ltr'>sola</span> <span class='ocrx_word' id='word_1_345' title='bbox 670 2728 914 2763; x_wconf 80' lang='lat' dir='ltr'>misericordia</span> <span class='ocrx_word' id='word_1_346' title='bbox 931 2728 1003 2767; x_wconf 79' lang='lat' dir='ltr'>Dei,</span> <span class='ocrx_word' id='word_1_347' title='bbox 1032 2728 1060 2761; x_wconf 89' lang='lat' dir='ltr'>si</span> <span class='ocrx_word' id='word_1_348' title='bbox 1081 2739 1147 2761; x_wconf 90' lang='lat' dir='ltr'>non</span> <span class='ocrx_word' id='word_1_349' title='bbox 1174 2727 1222 2761; x_wconf 85' lang='lat' dir='ltr'>sit</span> <span class='ocrx_word' id='word_1_350' title='bbox 1249 2727 1356 2760; x_wconf 87' lang='lat' dir='ltr'>etiam</span> <span class='ocrx_word' id='word_1_351' title='bbox 1381 2726 1543 2760; x_wconf 79' lang='lat' dir='ltr'>voluntas</span> <span class='ocrx_word' id='word_1_352' title='bbox 1571 2726 1723 2760; x_wconf 86' lang='lat' dir='ltr'>hominis</span> <span class='ocrx_word' id='word_1_353' title='bbox 1742 2754 1748 2760; x_wconf 86' lang='lat'><strong>.</strong></span> <span class='ocrx_word' id='word_1_354' title='bbox 1764 2754 1794 2760; x_wconf 91' lang='lat'>..</span> <span class='ocrx_word' id='word_1_355' title='bbox 1824 2738 1887 2759; x_wconf 87' lang='lat' dir='ltr'>cur</span> <span class='ocrx_word' id='word_1_356' title='bbox 1911 2738 1980 2759; x_wconf 91' lang='lat' dir='ltr'>non</span> 
     </span>
     <span class='ocr_line' id='line_1_38' title="bbox 345 2785 1979 2827; baseline -0.003 -4"><span class='ocrx_word' id='word_1_357' title='bbox 345 2792 381 2823; x_wconf 87' lang='lat' dir='ltr'>et</span> <span class='ocrx_word' id='word_1_358' title='bbox 407 2802 424 2822; x_wconf 89' lang='lat' dir='ltr'>e</span> <span class='ocrx_word' id='word_1_359' title='bbox 451 2790 628 2823; x_wconf 82' lang='lat' dir='ltr'>contrario</span> <span class='ocrx_word' id='word_1_360' title='bbox 654 2791 751 2823; x_wconf 88' lang='lat' dir='ltr'>recte</span> <span class='ocrx_word' id='word_1_361' title='bbox 778 2789 923 2823; x_wconf 84' lang='lat' dir='ltr'>dicitur:</span> <span class='ocrx_word' id='word_1_362' title='bbox 951 2787 1027 2821; x_wconf 90' lang='lat' dir='ltr'>Non</span> <span class='ocrx_word' id='word_1_363' title='bbox 1055 2786 1259 2821; x_wconf 83' lang='lat' dir='ltr'>miserentis</span> <span class='ocrx_word' id='word_1_364' title='bbox 1286 2789 1341 2820; x_wconf 87' lang='lat' dir='ltr'>est</span> <span class='ocrx_word' id='word_1_365' title='bbox 1364 2786 1441 2827; x_wconf 82' lang='lat' dir='ltr'>Dei,</span> <span class='ocrx_word' id='word_1_366' title='bbox 1469 2786 1531 2820; x_wconf 85' lang='lat' dir='ltr'>sed</span> <span class='ocrx_word' id='word_1_367' title='bbox 1559 2786 1713 2820; x_wconf 86' lang='lat' dir='ltr'>volentis</span> <span class='ocrx_word' id='word_1_368' title='bbox 1739 2788 1794 2820; x_wconf 87' lang='lat' dir='ltr'>est</span> <span class='ocrx_word' id='word_1_369' title='bbox 1815 2785 1979 2826; x_wconf 82' lang='lat' dir='ltr'>hominis,</span> 
     </span>
     <span class='ocr_line' id='line_1_39' title="bbox 345 2845 1980 2892; baseline -0.002 -10"><span class='ocrx_word' id='word_1_370' title='bbox 345 2849 428 2892; x_wconf 83' lang='lat' dir='ltr'>quia</span> <span class='ocrx_word' id='word_1_371' title='bbox 463 2848 496 2882; x_wconf 89' lang='lat' dir='ltr'>id</span> <span class='ocrx_word' id='word_1_372' title='bbox 524 2848 768 2882; x_wconf 78' lang='lat' dir='ltr'>misericordia</span> <span class='ocrx_word' id='word_1_373' title='bbox 794 2847 858 2881; x_wconf 78' lang='lat' dir='ltr'>Dei</span> <span class='ocrx_word' id='word_1_374' title='bbox 894 2847 970 2881; x_wconf 80' lang='lat' dir='ltr'>sola</span> <span class='ocrx_word' id='word_1_375' title='bbox 1004 2858 1073 2880; x_wconf 91' lang='lat' dir='ltr'>non</span> <span class='ocrx_word' id='word_1_376' title='bbox 1108 2846 1255 2890; x_wconf 61' lang='lat' dir='ltr'>implet?</span> <span class='ocrx_word' id='word_1_377' title='bbox 1286 2846 1394 2879; x_wconf 87' lang='lat' dir='ltr'>Porro</span> <span class='ocrx_word' id='word_1_378' title='bbox 1421 2845 1452 2879; x_wconf 86' lang='lat' dir='ltr'>si</span> <span class='ocrx_word' id='word_1_379' title='bbox 1478 2845 1596 2879; x_wconf 85' lang='lat' dir='ltr'>nullus</span> <span class='ocrx_word' id='word_1_380' title='bbox 1620 2845 1737 2879; x_wconf 84' lang='lat' dir='ltr'>dicere</span> <span class='ocrx_word' id='word_1_381' title='bbox 1763 2845 1980 2879; x_wconf 85' lang='lat' dir='ltr'>christianus</span> 
     </span>
     <span class='ocr_line' id='line_1_40' title="bbox 345 2903 1978 2948; baseline -0.003 -7"><span class='ocrx_word' id='word_1_382' title='bbox 345 2907 505 2942; x_wconf 81' lang='lat' dir='ltr'>audebit:</span> <span class='ocrx_word' id='word_1_383' title='bbox 533 2907 610 2940; x_wconf 92' lang='lat' dir='ltr'>Non</span> <span class='ocrx_word' id='word_1_384' title='bbox 636 2907 842 2940; x_wconf 82' lang='lat' dir='ltr'>miserentis</span> <span class='ocrx_word' id='word_1_385' title='bbox 874 2908 929 2940; x_wconf 82' lang='lat' dir='ltr'>est</span> <span class='ocrx_word' id='word_1_386' title='bbox 961 2905 1037 2945; x_wconf 88' lang='lat' dir='ltr'>Dei,</span> <span class='ocrx_word' id='word_1_387' title='bbox 1071 2905 1133 2939; x_wconf 83' lang='lat' dir='ltr'>sed</span> <span class='ocrx_word' id='word_1_388' title='bbox 1163 2904 1314 2938; x_wconf 89' lang='lat' dir='ltr'>volentis</span> <span class='ocrx_word' id='word_1_389' title='bbox 1342 2906 1398 2938; x_wconf 86' lang='lat' dir='ltr'>est</span> <span class='ocrx_word' id='word_1_390' title='bbox 1423 2904 1587 2943; x_wconf 81' lang='lat' dir='ltr'>hominis,</span> <span class='ocrx_word' id='word_1_391' title='bbox 1614 2915 1657 2937; x_wconf 93' lang='lat' dir='ltr'>ne</span> <span class='ocrx_word' id='word_1_392' title='bbox 1685 2903 1854 2948; x_wconf 86' lang='lat' dir='ltr'>Apostolo</span> <span class='ocrx_word' id='word_1_393' title='bbox 1881 2915 1978 2947; x_wconf 82' lang='lat' dir='ltr'>aper-</span> 
     </span>
     <span class='ocr_line' id='line_1_41' title="bbox 344 2963 1980 3009; baseline -0.003 -9"><span class='ocrx_word' id='word_1_394' title='bbox 344 2967 483 3000; x_wconf 84' lang='lat' dir='ltr'>tissime</span> <span class='ocrx_word' id='word_1_395' title='bbox 510 2966 749 3008; x_wconf 82' lang='lat' dir='ltr'>contradicat;</span> <span class='ocrx_word' id='word_1_396' title='bbox 776 2967 899 3006; x_wconf 78' lang='lat' dir='ltr'>restat,</span> <span class='ocrx_word' id='word_1_397' title='bbox 927 2967 967 2998; x_wconf 89' lang='lat' dir='ltr'>ut</span> <span class='ocrx_word' id='word_1_398' title='bbox 981 2966 1176 3009; x_wconf 85' lang='lat' dir='ltr'>propterea</span> <span class='ocrx_word' id='word_1_399' title='bbox 1196 2965 1291 2997; x_wconf 86' lang='lat' dir='ltr'>recte</span> <span class='ocrx_word' id='word_1_400' title='bbox 1313 2964 1445 2997; x_wconf 88' lang='lat' dir='ltr'>dictum</span> <span class='ocrx_word' id='word_1_401' title='bbox 1466 2963 1703 3006; x_wconf 81' lang='lat' dir='ltr'>intelligatur:</span> <span class='ocrx_word' id='word_1_402' title='bbox 1735 2965 1815 2996; x_wconf 76' lang='lat' dir='ltr'>Non</span> <span class='ocrx_word' id='word_1_403' title='bbox 1834 2964 1980 2996; x_wconf 67' lang='lat' dir='ltr'>volentis</span> 
     </span>
     <span class='ocr_line' id='line_1_42' title="bbox 346 3021 1979 3069; baseline -0.003 -10"><span class='ocrx_word' id='word_1_404' title='bbox 346 3038 453 3069; x_wconf 61' lang='lat' dir='ltr'>vaeque</span> <span class='ocrx_word' id='word_1_405' title='bbox 479 3028 667 3068; x_wconf 65' lang='lat' dir='ltr'>cmv-entis,</span> <span class='ocrx_word' id='word_1_406' title='bbox 703 3026 764 3058; x_wconf 77' lang='lat' dir='ltr'>sed</span> <span class='ocrx_word' id='word_1_407' title='bbox 791 3027 993 3058; x_wconf 68' lang='lat' dir='ltr'>miserentis</span> <span class='ocrx_word' id='word_1_408' title='bbox 1020 3029 1070 3057; x_wconf 66' lang='lat' dir='ltr'>est</span> <span class='ocrx_word' id='word_1_409' title='bbox 1095 3025 1172 3067; x_wconf 64' lang='lat' dir='ltr'>Dei,</span> <span class='ocrx_word' id='word_1_410' title='bbox 1209 3024 1249 3056; x_wconf 91' lang='lat' dir='ltr'>ut</span> <span class='ocrx_word' id='word_1_411' title='bbox 1275 3024 1389 3056; x_wconf 84' lang='lat' dir='ltr'>totum</span> <span class='ocrx_word' id='word_1_412' title='bbox 1415 3022 1489 3056; x_wconf 88' lang='lat' dir='ltr'>Deo</span> <span class='ocrx_word' id='word_1_413' title='bbox 1516 3022 1628 3063; x_wconf 86' lang='lat' dir='ltr'>detur,</span> <span class='ocrx_word' id='word_1_414' title='bbox 1657 3021 1716 3066; x_wconf 90' lang='lat' dir='ltr'>qui</span> <span class='ocrx_word' id='word_1_415' title='bbox 1742 3021 1896 3055; x_wconf 87' lang='lat' dir='ltr'>hominis</span> <span class='ocrx_word' id='word_1_416' title='bbox 1922 3032 1979 3054; x_wconf 89' lang='lat' dir='ltr'>vo-</span> 
     </span>
     <span class='ocr_line' id='line_1_43' title="bbox 345 3081 1801 3131; baseline -0.003 -12"><span class='ocrx_word' id='word_1_417' title='bbox 345 3086 519 3120; x_wconf 80' lang='lat' dir='ltr'>luntatem</span> <span class='ocrx_word' id='word_1_418' title='bbox 547 3084 672 3118; x_wconf 84' lang='lat' dir='ltr'>bonam</span> <span class='ocrx_word' id='word_1_419' title='bbox 699 3087 746 3131; x_wconf 72' lang='lat' dir='ltr'>et.</span> <span class='ocrx_word' id='word_1_420' title='bbox 762 3085 952 3129; x_wconf 77' lang='lat' dir='ltr'>praeparat</span> <span class='ocrx_word' id='word_1_421' title='bbox 979 3082 1217 3117; x_wconf 85' lang='lat' dir='ltr'>adiuvandum</span> <span class='ocrx_word' id='word_1_422' title='bbox 1244 3084 1279 3115; x_wconf 85' lang='lat' dir='ltr'>et</span> <span class='ocrx_word' id='word_1_423' title='bbox 1307 3081 1453 3115; x_wconf 79' lang='lat' dir='ltr'>adiuvat</span> <span class='ocrx_word' id='word_1_424' title='bbox 1480 3083 1777 3125; x_wconf 81' lang='lat' dir='ltr'>praeparatam..</span> <span class='ocrx_word' id='word_1_425' title='bbox 1794 3107 1801 3115; x_wconf 91' lang='lat'><strong>.</strong></span> 
     </span>
    </p>
   </div>
  </div>
 </body>
</html>
