2106 3453
270 1055 302 1080 10

329 249 394 285 148
404 249 421 270 '³4
927 246 1133 284 Sententiae
1160 246 1372 284 divinitatis.

465 354 564 395 Alii
597 354 797 406 dicunt,
832 353 948 407 quod
975 354 1021 395 in
1044 353 1135 395 sola
1163 353 1417 395 contritione
1445 353 1583 396 cordis
1609 356 1786 406 peccata
1814 353 1955 396 dimit-

323 433 473 471 tuntur
506 434 548 472 et
579 444 665 471 non
699 431 785 472 oris
818 431 1084 473 confessione
1118 430 1184 471 vel
1217 431 1357 483 operis
1386 431 1692 481 satisfactione,
1727 433 1768 472 et
1795 431 1954 481 dicunt,

324 507 440 559 quod
474 507 576 547 nihil
610 507 727 549 aliud
761 510 824 548 est
856 509 1034 561 peccata
1077 507 1233 547 dimitti
1266 520 1394 559 quam
1430 506 1486 549 ad
1519 509 1739 548 aeternam
1775 507 1956 549 damna-

323 583 484 623 tionem
533 596 618 623 non
670 584 894 634 reservari,
946 584 1063 635 quod
1107 583 1155 623 fit
1200 583 1239 623 in
1287 583 1428 624 cordis
1477 583 1732 624 contritione
1752 586 1776 625 1.
1840 583 1957 623 Talis

323 659 436 700 enim
471 659 653 700 efficitur
685 662 785 700 tunc
818 672 894 711 per
926 659 1109 711 gratiam
1144 659 1184 699 in
1231 659 1301 699 illa
1344 658 1485 699 cordis
1524 658 1795 709 contritione,
1841 658 1956 711 quod

323 735 357 776 si
390 735 534 776 statim
576 737 828 785 moreretur,
869 735 1122 775 salvaretur.
1187 735 1253 775 Ad
1293 735 1395 787 quid
1438 747 1536 786 ergo
1578 734 1692 775 valet
1730 735 1814 775 oris
1853 747 1956 776 con-

322 811 448 853 fessio
482 812 546 852 vel
580 811 720 863 operis
753 811 1017 852 ratisfactio‘?
1080 811 1203 851 Valet
1236 811 1410 863 quidem
1450 823 1536 851 non
1580 811 1635 852 ad
1678 814 1955 863 peccatorum

322 887 632 937 remissionem,
678 887 753 928 sed
798 887 852 929 ad
893 889 1167 939 contemptus
1209 887 1502 928 evitationem.
1565 886 1654 927 Nisi
1683 887 1794 928 enim
1823 887 1956 929 confi-

321 966 496 1013 teretur,
539 964 837 1012 damnaretur;
883 976 967 1004 non
1010 976 1087 1016 pro
1129 963 1329 1015 peccatis,
1373 976 1484 1015 quae
1523 963 1605 1004 iam
1647 963 1823 1004 dimissa
1856 967 1956 1004 sunt.

322 1040 363 1080 in
397 1039 537 1080 cordis
569 1039 838 1090 contritione,
871 1042 918 1080 ut
945 1039 1143 1090 diximus,
1177 1039 1251 1080 sed
1280 1040 1381 1092 quia
1409 1039 1613 1080 ecclesiae
1641 1039 1953 1080 institutionem

323 1117 593 1169 contempsit.
1630 1168 1634 1172 .

425 1192 743 1239 ,Praeterea
795 1192 974 1245 quaeri
1025 1192 1176 1242 solet,
1222 1194 1391 1233 utrum
1436 1195 1651 1245 peccata
1697 1192 1956 1234 redeant2.

322 1268 448 1318 Quod
489 1269 680 1318 redeant,
723 1269 933 1321 probatur
971 1268 1036 1309 bis
1076 1269 1428 1310 auctorItatibus:
1473 1268 1545 1309 Ait
1579 1268 1689 1309 enim
1725 1268 1953 1309 Dominus:

323 1344 446 1385 Serve
485 1358 674 1399 nequam,
718 1359 833 1385 omne
864 1344 1040 1385 debitum
1075 1344 1216 1384 demisi
1249 1345 1322 1384 tibet
1354 1349 1423 1385 etc.
1489 1344 1542 1385 Et
1584 1345 1718 1385 'iratus
1753 1346 1957 1385 Dominus

286 1434 301 1458 ,3
322 1420 499 1461 tradidit
531 1434 619 1460 eum
654 1421 876 1461 tortor-thus
908 1425 977 1462 etc.
1043 1420 1111 1460 Sic
1144 1425 1179 1460 et
1205 1421 1332 1461 Pater
1357 1434 1469 1461 mens
1495 1422 1673 1461 weles-tis
1696 1420 1821 1473 faciet
1849 1421 1956 1461 nobes

321 1498 357 1536 sl
388 1510 469 1536 non
504 1497 742 1536 remiseritis
769 1496 1031 1550 peccantibus
1058 1497 1102 1537 in
1132 1496 1237 1536 vobis
1264 1496 1429 1551 (Matz‘h.
1462 1498 1528 1548 18,
1545 1497 1752 1549 32—35).
1817 1497 1957 1550 Super

321 1573 461 1614 locum
502 1573 629 1614 istum
670 1573 772 1613 dicit
814 1573 1201 1626 Hieronymus3:
1246 1573 1323 1623 ,Ex
1366 1573 1621 1625 evangelicis
1656 1575 1826 1614 constat
1867 1573 1954 1613 elo-

321 1650 445 1703 quiis,
479 1651 595 1703 quod
628 1650 662 1690 si
695 1663 781 1691 non
814 1650 1063 1691 remiseritis
1097 1663 1149 1691 ex
1182 1650 1323 1700 corde,
1359 1650 1476 1702 quod
1505 1649 1545 1689 in
1574 1663 1650 1689 vos
1678 1649 1954 1702 delinquitur,

322 1729 363 1766 et
396 1726 489 1777 hoc,
533 1727 650 1779 quod
689 1739 766 1778 per
798 1725 1107 1778 paenitentiam
1144 1726 1366 1767 dimissum
1411 1725 1721 1776 gaudebamus,
1764 1739 1790 1766 a
1831 1726 1955 1766 nobis

267 1818 281 1843 ρ
322 1802 530 1853 exigitur‘.
596 1803 701 1844 Item
736 1802 1056 1853 Augustinus
1089 1802 1130 1842 in
1164 1815 1251 1843 una
1285 1802 1337 1842 de
1365 1801 1677 1854 quinquaginta
1719 1801 1952 1843 liomiliis4:

322 1879 418 1929 ,Qui
453 1879 582 1920 divini
618 1878 776 1919 oblitus
810 1878 935 1919 officii
968 1892 1069 1919 suas
1103 1878 1319 1919 ulciscitur
1360 1878 1549 1927 iniurias,
1590 1891 1675 1918 non
1719 1878 1858 1918 solum
1902 1878 1954 1918 de

322 1955 474 1996 futuris
507 1955 834 1997 damnationem
868 1957 1071 2005 meretur,
1115 1954 1189 1996 sed
1224 1954 1329 1995 haec
1362 1967 1474 2006 quae
1506 1954 1685 1995 dimissa
1718 1956 1855 2004 erant,
1899 1953 1953 1995 ad

464 2100 479 2132 1
508 2101 694 2143 peccatum
722 2098 915 2132 dimittitur
945 2099 987 2131 Α.
1086 2098 1181 2131 3-4
1207 2108 1355 2141 poenam
1375 2096 1414 2132 B.
1526 2098 1548 2130 4
1573 2096 1679 2130 talis.
1698 2096 1954 2131 ..contritione

320 2171 383 2193 0771.
402 2161 443 2192 A.
544 2158 586 2192 10
612 2157 902 2192 constitutionem
934 2158 976 2192 B.
1096 2157 1136 2190 13
1165 2157 1255 2190 enim
1284 2168 1349 2192 om.
1377 2156 1418 2190 B.
1548 2158 1586 2190 14
1609 2161 1692 2199 post
1718 2156 1780 2198 tibi
1809 2158 1891 2189 add.
1926 2156 1955 2187 [ἕ

320 2230 352 2263 q.
381 2230 407 2251 r.
435 2229 478 2251 m.
505 2229 620 2251 nonne
647 2217 804 2262 oportuit
829 2220 864 2251 et
888 2219 924 2250 te
951 2228 995 2251 m.
1023 2228 1050 2251 0.
1079 2219 1103 2251 t.
1205 2217 1247 2250 15
1272 2222 1350 2259 post
1377 2215 1570 2250 tortoribus
1597 2217 1679 2249 (cdd.
1712 2215 1740 2246 B
1768 2226 1951 2259 quousque

319 2290 346 2312 r.
373 2290 405 2312 u.
434 2278 465 2311 d.
566 2278 607 2311 17
634 2289 678 2311 ex
706 2289 770 2311 om.
800 2278 840 2310 B.
939 2276 983 2310 22
1010 2276 1072 2310 sed
1099 2276 1206 2310 etiam
1234 2287 1325 2319 quae
1355 2276 1397 2309 B.

467 2409 474 2426 ¹
502 2410 665 2452 Epitofme
690 2408 758 2442 PL.
788 2408 865 2449 178,
896 2407 984 2441 1756
1001 2406 1042 2440 C:
1071 2406 1277 2451 Promptum
1307 2408 1362 2440 est
1388 2406 1498 2449 igitur
1524 2408 1560 2440 et
1585 2406 1826 2447 manifestum,
1861 2405 1951 2449 quod

320 2481 363 2502 ex
391 2480 458 2512 quo
485 2468 614 2512 aliquis
640 2479 724 2502 vere
752 2467 794 2501 de
820 2468 967 2511 peccato
994 2466 1116 2510 gemit,
1154 2466 1269 2510 ipsum
1297 2465 1364 2500 sibi
1392 2477 1411 2499 a
1438 2465 1511 2499 Deo
1539 2465 1683 2499 dimitti.
1733 2464 1823 2498 Non
1850 2476 1952 2498 vero

319 2528 437 2562 aliud
473 2527 707 2575 estlDeum
743 2530 926 2571 peccata
962 2526 1204 2572 dimittere3
1243 2537 1366 2569 quam
1403 2527 1623 2558 aeternam
1662 2535 1838 2569 poenam
1878 2535 1952 2568 pro

320 2587 413 2631 ipso
449 2587 640 2621 debitam
677 2586 967 2620 relaxare...
1018 2584 1219 2619 Notandum
1254 2586 1386 2625 tamen,
1422 2583 1513 2628 quod
1551 2584 1581 2617 si
1617 2584 1766 2618 articulo
1802 2583 1953 2618 necessi-

320 2646 407 2680 tatis
441 2646 647 2680 imminente
681 2657 749 2679 non
782 2644 1010 2684 confiteatur,
1048 2655 1116 2677 non
1149 2645 1293 2688 propter
1323 2643 1387 2676 hoc
1420 2642 1650 2676 aeternaliter
1681 2643 1856 2687 punietur.
1916 2642 1951 2676 Si

320 2707 438 2739 autem
465 2717 515 2739 ex
542 2707 794 2749 contemptu
820 2704 878 2738 vel
905 2716 948 2737 ex
976 2703 1199 2746 negligentia
1224 2702 1447 2742 remanserit,
1476 2701 1517 2735 de
1543 2701 1610 2735 hac
1637 2701 1868 2735 aeternaliter
1894 2712 1952 2744 pu-

319 2764 485 2798 niendum
513 2765 717 2799 asserimus.
765 2764 889 2807 Neque
916 2763 1008 2797 enim
1034 2774 1156 2796 veram
1184 2762 1301 2796 cordis
1327 2761 1574 2795 contritionem
1600 2760 1770 2794 habuisse
1798 2760 1948 2801 videtur,

319 2826 355 2857 et
379 2823 410 2857 si
435 2823 610 2864 habuerit,
640 2835 684 2857 ex
711 2823 777 2857 hoc
802 2825 932 2863 tamen,
970 2822 1079 2866 quod
1107 2822 1320 2855 instituta
1345 2820 1566 2854 ecclesiae
1599 2820 1857 2861 contemnit,
1894 2831 1950 2853 ae-

317 2882 505 2916 ternaliter
530 2882 730 2926 puniendus
756 2893 835 2916 esse
862 2881 1096 2915 convincitur.

461 2940 473 2958 ²
499 2942 560 2975 SS.
601 2940 661 2983 Vl,
685 2941 726 2976 13
768 2941 848 2983 (150
864 2940 920 2981 G);
961 2939 1099 2974 Lomb.
1133 2940 1226 2973 Sem.
1260 2939 1282 2972 1.
1310 2938 1371 2973 IV.
1405 2938 1436 2972 d.
1465 2938 1521 2974 22.
1572 2937 1680 2981 Mag.
1711 2937 1950 2978 Rolandus,

462 3058 475 3077 ⁸
500 3071 529 3095 c.
581 3086 588 3094 .
616 3059 648 3094 d.
674 3059 707 3093 4.
735 3058 777 3092 de
804 3058 936 3103 paenit.

458 3118 470 3136 ⁴
498 3130 526 3152 0.
579 3147 585 3154 .
614 3118 644 3152 d.
672 3119 704 3153 4.
733 3117 775 3151 de
800 3117 934 3162 paenit.
