2106 3453
317 220 362 259 36
371 219 387 242 *
907 218 1114 258 Sententiae
1141 220 1351 260 divinitatis,

315 331 478 378 actus,
526 328 764 378 libertas,
811 341 923 381 quae
966 332 1066 369 sunt
1105 328 1244 369 omnis
1284 327 1505 369 rationalis
1539 330 1774 376 creaturae,
1808 326 1850 368 id
1884 329 1948 367 est

314 405 405 454 Dei,
449 404 603 455 angeli,
648 404 845 453 hominis,
890 408 930 445 et
977 405 1016 444 in
1062 405 1179 445 omni
1225 404 1423 445 rationali
1457 407 1654 445 creatura
1688 417 1780 445 esse
1812 404 1947 456 perci-

315 481 504 533 piuntur,
539 480 611 522 sed
646 481 813 522 diversa
848 481 1028 522 ratione.

459 556 747 599 Arbitrium
783 544 847 598 est
883 556 1081 598 discretio
1110 556 1173 596 vel
1209 556 1411 597 iudicium
1442 555 1732 596 faciendorum
1764 556 1829 597 vel
1863 569 1947 596 non

281 651 296 674 5
318 632 624 674 faciendorum.
691 633 937 673 Arbitratur
971 645 1158 684 namque
1182 632 1294 672 Deus
1327 634 1369 672 et
1396 631 1597 672 discernit
1630 631 1758 672 libere
1785 632 1947 671 bonum

265 1027 296 1051 10

266 1410 298 1435 15

317 721 409 749 6556
443 709 601 748 bonum
632 711 673 749 et
701 708 861 749 malum
895 708 1065 749 malum.
1120 707 1220 748 Sine
1248 707 1414 748 fallacia
1436 707 1608 756 iudicat,
1634 709 1676 748 et
1696 721 1785 748 rem
1810 707 1951 748 verius

317 799 366 826 ac
398 784 653 837 profundius
692 784 807 825 iuxta
842 798 970 825 omne
1011 797 1135 824 suum
1172 797 1263 824 esse
1296 783 1464 836 inspicit
1498 784 1650 834 angelo
1685 786 1726 824 et
1758 783 1947 832 homine3

318 864 358 902 et
392 861 576 914 amplius
610 860 893 902 inhabitando
929 860 1057 900 vincit
1090 860 1306 911 angelum,
1340 872 1468 911 quam
1505 859 1634 900 homo
1670 860 1864 900 vincatur
1895 860 1950 900 ab

317 937 485 988 angelo.
550 936 690 977 Habet
725 936 872 988 itaque
906 936 1207 977 discretionem
1237 948 1365 987 super
1392 935 1552 975 bonum
1583 937 1624 975 et
1644 935 1820 984 malum,
1855 948 1949 976 cum

318 997 519 1054 discernit
561 1015 807 1064 utrumque.
872 1012 945 1052 Est
986 1024 1160 1063 quoque
1203 1011 1242 1051 in
1287 1011 1460 1052 homine
1493 1010 1705 1060 discretio,
1749 1011 1949 1063 quicquid

318 1088 369 1128 sit
404 1089 563 1128 bonum
600 1088 664 1128 vel
698 1087 798 1140 quid
827 1088 880 1128 sit
908 1087 1089 1136 malum3
1124 1087 1340 1136 discernit,
1375 1087 1407 1127 si
1432 1087 1618 1128 Verbum
1653 1099 1737 1127 non
1760 1099 1949 1138 passum,

318 1177 401 1204 non
446 1164 628 1205 redemit
669 1164 895 1213 mundum,
936 1164 1031 1205 licet
1073 1177 1097 1203 a.
1139 1163 1229 1204 Deo
1274 1176 1356 1203 non
1401 1162 1603 1215 perfecta.
1669 1162 1761 1203 Non
1805 1164 1949 1204 autem

318 1239 429 1280 hanc
474 1239 738 1281 attendimus
792 1239 1106 1288 discretionem,
1165 1251 1250 1291 qua
1308 1238 1492 1290 lapidem
1541 1251 1634 1279 esse
1678 1237 1863 1290 lapidem
1911 1240 1952 1279 et

318 1315 553 1356 rotundum
588 1327 681 1355 esse
714 1314 948 1355 rotundum
982 1318 1024 1355 et
1057 1314 1201 1355 album
1238 1327 1330 1355 esse
1357 1314 1502 1354 album
1533 1313 1842 1364 cognoscimus,
1878 1314 1952 1354 sed

319 1405 450 1444 quam
496 1404 646 1432 sensus
691 1404 777 1431 non
823 1391 960 1440 docet,
1007 1390 1122 1431 velut
1167 1391 1281 1443 quod
1326 1391 1489 1431 malum
1521 1390 1820 1441 'cognoscimus
1861 1403 1952 1431 esse

319 1468 479 1509 malum
516 1470 557 1508 et
590 1468 751 1508 bonum
787 1480 880 1508 esse
914 1468 1090 1508 bonum.
1155 1466 1299 1516 Quare
1331 1466 1554 1507 arbitrium
1584 1466 1776 1518 utrisque
1810 1466 1950 1515 datur,

319 1545 478 1586 scilicet
510 1545 598 1585 Deo
633 1547 674 1585 et
706 1544 882 1593 homini,
918 1543 1071 1596 impari
1104 1546 1249 1584 tamen
1284 1543 1448 1584 ratione
1482 1543 1735 1584 arbitrandi.

463 1621 668 1673 Sequitur
682 1620 735 1661 de
761 1621 1049 1669 voluntate,
1077 1633 1158 1672 qua
1179 1620 1291 1660 Deus
1305 1619 1409 1669 vult,
1426 1619 1628 1671 quicquid
1646 1619 1747 1668 vult,
1767 1621 1808 1659 et
1824 1618 1952 1659 homo

320 1697 410 1737 vult
442 1696 555 1749 quod
580 1696 683 1737 vult.
736 1697 836 1736 Vult
865 1709 1052 1748 namque
1072 1696 1185 1736 Deus
1211 1696 1369 1736 bonum
1394 1708 1486 1736 esse
1507 1708 1661 1746 genere
1683 1708 1786 1736 suae
1809 1708 1952 1736 essen-

266 1788 280 1813 6
322 1772 404 1812 tiae
424 1774 465 1813 et
489 1772 578 1812 vult
598 1772 759 1812 bonum
787 1785 879 1813 esse
904 1772 1063 1812 bonum
1089 1771 1353 1823 proprietate
1382 1773 1422 1811 et
1446 1770 1535 1811 vult
1560 1771 1722 1810 malum
1749 1784 1854 1819 esse,
1877 1770 1951 1810 sed

321 1861 404 1888 non
432 1848 520 1888 vult
542 1847 702 1889 malum
731 1861 823 1888 esse
855 1847 1031 1888 malum.
1094 1847 1235 1887 Homo
1265 1860 1364 1887 vero
1394 1846 1628 1894 voluntale,
1664 1859 1795 1898 quam
1817 1859 1842 1886 a
1862 1847 1952 1887 Deo

320 1925 463 1973 habet,
503 1925 603 1977 quia
636 1924 838 1964 voluntas
872 1924 1055 1964 hominis
1094 1926 1157 1964 est
1193 1925 1314 1964 actus
1350 1923 1503 1964 mentis
1535 1925 1703 1964 creatus
1737 1935 1761 1963 a
1789 1922 1878 1964 Deo
1912 1926 1953 1963 et

320 2002 482 2042 homini
527 2001 566 2041 in
609 2001 775 2042 ratione
817 2001 1007 2041 muneris
1049 2000 1281 2041 attributus
1324 2003 1365 2040 et
1404 2012 1645 2048 concessus,
1690 1999 1793 2048 vult,
1836 1999 1952 2051 quod

320 2079 480 2119 bonum
521 2078 574 2118 sit
616 2080 657 2119 et
699 2077 813 2129 quod
856 2077 1016 2117 honum
1063 2076 1116 2117 sit
1158 2077 1318 2117 bonum
1362 2078 1403 2117 et
1446 2075 1561 2128 quod
1605 2075 1767 2116 malum
1800 2075 1867 2125 sit,
1911 2075 1952 2114 in

266 2171 281 2195 ρ
321 2167 406 2206 quo
440 2155 527 2194 Deo
555 2154 782 2194 consentit.
846 2153 954 2194 Cum
982 2155 1125 2194 autem
1155 2165 1239 2192 non
1268 2152 1357 2192 vult
1384 2152 1544 2192 bonum
1575 2165 1667 2193 esse
1694 2151 1759 2191 vel
1787 2151 1951 2191 bonum

321 2243 407 2271 non
440 2243 534 2271 esse
567 2222 727 2270 bonum
764 2229 828 2269 vel
861 2229 1021 2270 bonum
1057 2242 1151 2269 esse
1178 2228 1335 2269 malum
1368 2228 1431 2268 vel
1460 2242 1481 2268 e
1515 2240 1737 2275 converso,
1769 2228 1772 2277 ]
1803 2227 1952 2267 volun-

321 2306 396 2347 tati
434 2306 506 2346 Dei
541 2305 780 2347 contrarius
815 2308 890 2354 est,
926 2318 1054 2357 quam
1091 2317 1167 2345 suo
1202 2304 1286 2345 fine
1318 2305 1488 2356 privare
1521 2306 1714 2343 conatur.

463 2381 624 2421 Exinde
651 2381 844 2433 sequitur
869 2383 1106 2433 potestas
1126 2382 1150 2420 ¹.
1210 2380 1323 2421 Deus
1350 2382 1495 2421 autem
1519 2379 1651 2419 habet
1677 2380 1950 2430 potestatem,

466 2519 479 2551 1
510 2517 636 2558 01111115]
663 2517 791 2550 omnia.
820 2519 862 2550 A.
985 2516 1075 2549 2-3
1103 2515 1347 2560 percipiuntur
1373 2518 1515 2558 scripsi.
1543 2514 1737 2559 percipitur
1768 2516 1795 2547 15
1823 2514 1954 2558 praeci—

322 2578 416 2621 pitur
439 2579 480 2610 A.
577 2578 598 2609 4
626 2576 695 2617 vel}
724 2578 760 2609 et
787 2578 828 2610 Β.
928 2577 947 2608 5
976 2575 1147 2608 discernit
1172 2575 1281 2608 libere
1309 2574 1436 2607 bonum
1466 2585 1543 2607 esse
1571 2573 1698 2607 bonum
1726 2573 1781 2606 vel
1810 2572 1951 2608 malum.

322 2636 453 2670 Malum
482 2636 557 2669 sine
582 2635 727 2669 fallacia
750 2638 790 2670 Α.
891 2636 908 2668 7
936 2646 1036 2668 51111111
1074 2635 1165 2676 6556]
1205 2645 1283 2668 6556
1315 2645 1418 2667 suum
1440 2635 1483 2669 Β.
1582 2633 1708 2676 angelo
1744 2634 1779 2666 et
1813 2632 1953 2665 homine

321 2698 463 2739 scripsi.
497 2706 601 2739 quam
639 2694 766 2738 angelo
793 2697 829 2728 et
854 2694 986 2728 homini
1010 2696 1049 2734 A,
1077 2705 1180 2738 quam
1215 2692 1342 2736 angelo
1374 2693 1431 2726 vel
1467 2692 1599 2726 1101111111
1622 2694 1664 2726 Β.
1786 2691 1806 2724 8
1833 2690 1952 2735 quam]

322 2755 404 2798 quia
426 2756 467 2798 B,
568 2755 610 2788 10
632 2759 714 2797 post
739 2754 905 2787 diseretio
932 2755 1014 2787 add.
1035 2755 1066 2786 B
1093 2753 1186 2797 quia.
1287 2753 1325 2786 11
1356 2752 1425 2793 vel]
1454 2755 1488 2785 et
1512 2753 1550 2787 Β.
1648 2751 1678 2785 51
1707 2750 1861 2784 Verbum
1884 2762 1953 2784 11011

322 2825 477 2858 passum,
518 2826 585 2847 11011
623 2813 775 2847 redemit
811 2813 979 2846 mundum
1019 2825 1083 2846 om.
1112 2813 1155 2847 Β.
1256 2813 1389 2845 Locum
1423 2816 1631 2854 corruptum
1666 2811 1852 2843 emendare
1886 2820 1950 2843 non

322 2876 449 2907 (ausim.
575 2872 615 2906 13
644 2872 725 2916 qua]
754 2872 837 2916 quia
857 2874 899 2906 B.
1028 2872 1068 2905 15
1091 2876 1173 2914 poet
1200 2869 1329 2903 malum
1357 2872 1439 2903 «dcl.
1467 2872 1495 2902 A
1523 2872 1552 2903 R
1580 2871 1644 2904 est.
1758 2869 1799 2902 16
1826 2868 1953 2901 utrius-

323 2944 390 2976 que
414 2934 453 2966 Β.
590 2932 631 2965 19
654 2937 734 2975 post
761 2943 839 2965 esse
867 2933 948 2964 add.
978 2933 1009 2964 A
1035 2932 1068 2964 B
1095 2930 1233 2964 bonum.
1390 2940 1520 2971 genere
1550 2940 1614 2963 om.
1642 2930 1683 2961 B.
1805 2928 1849 2961 24
1872 2932 1954 2970 post

323 2991 453 3024 malum
480 2991 528 3025 sit
554 2993 635 3024 add.
666 2992 696 3023 B
730 2990 874 3025 malum.
981 2990 1023 3023 27
1052 2989 1170 3033 quam]
1210 2991 1244 3021 in
1282 2990 1313 3021 A
1340 2990 1623 3030 superscriptum
1650 2998 1769 3031 quare.

468 3099 491 3142 ¹)
519 3099 563 3132 cf.
592 3099 706 3132 Petr.
736 3099 873 3132 Lomb.
902 3100 996 3131 Sans.
1024 3097 1044 3132 1.
1073 3096 1116 3130 Il.
1145 3096 1176 3130 d.
1203 3097 1259 3130 44.
1287 3106 1314 3128 o.
1348 3095 1374 3130 1.

1976 2240 1995 2265 s.
2007 2239 2041 2265 85
2055 2238 2091 2264 VO.
