<?xml version="1.0" encoding="UTF-8"?>
<!DOCTYPE html PUBLIC "-//W3C//DTD XHTML 1.0 Transitional//EN"
    "http://www.w3.org/TR/xhtml1/DTD/xhtml1-transitional.dtd">
<html xmlns="http://www.w3.org/1999/xhtml" xml:lang="en" lang="en">
 <head>
  <title>
</title>
<meta http-equiv="Content-Type" content="text/html;charset=utf-8" />
  <meta name='ocr-system' content='tesseract 3.04.00' />
  <meta name='ocr-capabilities' content='ocr_page ocr_carea ocr_par ocr_line ocrx_word'/>
</head>
<body>
  <div class='ocr_page' id='page_1' title='image "./diesententiaediv00geye_0147.png"; bbox 0 0 2106 3453; ppageno 0'>
   <div class='ocr_carea' id='block_1_1' title="bbox 88 1728 160 1753">
    <p class='ocr_par' dir='ltr' id='par_1_1' title="bbox 88 1728 160 1753">
     <span class='ocr_line' id='line_1_1' title="bbox 88 1728 160 1753; baseline -0.014 0"><span class='ocrx_word' id='word_1_1' title='bbox 88 1747 94 1753; x_wconf 92' lang='lat'>.</span> <span class='ocrx_word' id='word_1_2' title='bbox 117 1728 160 1753; x_wconf 79' lang='lat'>90.</span> 
     </span>
    </p>
   </div>
   <div class='ocr_carea' id='block_1_2' title="bbox 537 250 1814 288">
    <p class='ocr_par' dir='ltr' id='par_1_2' title="bbox 537 250 1814 288">
     <span class='ocr_line' id='line_1_2' title="bbox 537 250 1814 288; baseline -0.001 -1"><span class='ocrx_word' id='word_1_3' title='bbox 537 252 729 287; x_wconf 77' lang='lat' dir='ltr'>&#39;I&#39;raotatus</span> <span class='ocrx_word' id='word_1_4' title='bbox 755 253 815 288; x_wconf 88' lang='lat' dir='ltr'>IV.</span> <span class='ocrx_word' id='word_1_5' title='bbox 867 252 918 286; x_wconf 85' lang='lat' dir='ltr'>De</span> <span class='ocrx_word' id='word_1_6' title='bbox 944 253 1167 286; x_wconf 81' lang='lat' dir='ltr'>sacramento</span> <span class='ocrx_word' id='word_1_7' title='bbox 1194 252 1459 287; x_wconf 81' lang='lat' dir='ltr'>incarnationis.</span> <span class='ocrx_word' id='word_1_8' title='bbox 1746 250 1814 286; x_wconf 85' lang='lat'>69*</span> 
     </span>
    </p>
   </div>
   <div class='ocr_carea' id='block_1_3' title="bbox 179 355 1818 1777">
    <p class='ocr_par' dir='ltr' id='par_1_3' title="bbox 183 355 1816 636">
     <span class='ocr_line' id='line_1_3' title="bbox 183 355 1814 409; baseline -0.001 -12"><span class='ocrx_word' id='word_1_9' title='bbox 183 356 393 409; x_wconf 86' lang='lat' dir='ltr'>quendi,</span> <span class='ocrx_word' id='word_1_10' title='bbox 439 357 643 398; x_wconf 88' lang='lat' dir='ltr'>ratione</span> <span class='ocrx_word' id='word_1_11' title='bbox 689 356 831 406; x_wconf 85' lang='lat' dir='ltr'>fidei,</span> <span class='ocrx_word' id='word_1_12' title='bbox 883 367 979 396; x_wconf 90' lang='lat' dir='ltr'>non</span> <span class='ocrx_word' id='word_1_13' title='bbox 1026 355 1227 396; x_wconf 90' lang='lat' dir='ltr'>ratione</span> <span class='ocrx_word' id='word_1_14' title='bbox 1278 355 1534 396; x_wconf 77' lang='lat' dir='ltr'>humanae</span> <span class='ocrx_word' id='word_1_15' title='bbox 1584 356 1814 408; x_wconf 90' lang='lat' dir='ltr'>philoso-</span> 
     </span>
     <span class='ocr_line' id='line_1_4' title="bbox 185 431 1816 486; baseline 0 -13"><span class='ocrx_word' id='word_1_16' title='bbox 185 433 346 486; x_wconf 86' lang='lat' dir='ltr'>phiae.</span> <span class='ocrx_word' id='word_1_17' title='bbox 410 433 547 473; x_wconf 90' lang='lat' dir='ltr'>Immo</span> <span class='ocrx_word' id='word_1_18' title='bbox 593 435 803 484; x_wconf 77' lang='lat' dir='ltr'>tanquam</span> <span class='ocrx_word' id='word_1_19' title='bbox 843 432 896 473; x_wconf 84' lang='lat' dir='ltr'>de</span> <span class='ocrx_word' id='word_1_20' title='bbox 936 431 1018 473; x_wconf 89' lang='lat' dir='ltr'>alio</span> <span class='ocrx_word' id='word_1_21' title='bbox 1063 434 1104 472; x_wconf 92' lang='lat' dir='ltr'>et</span> <span class='ocrx_word' id='word_1_22' title='bbox 1150 431 1234 473; x_wconf 87' lang='lat' dir='ltr'>alio</span> <span class='ocrx_word' id='word_1_23' title='bbox 1277 434 1407 484; x_wconf 89' lang='lat' dir='ltr'>atque</span> <span class='ocrx_word' id='word_1_24' title='bbox 1451 431 1619 472; x_wconf 87' lang='lat' dir='ltr'>diverso</span> <span class='ocrx_word' id='word_1_25' title='bbox 1663 432 1816 484; x_wconf 88' lang='lat' dir='ltr'>loquar</span> 
     </span>
     <span class='ocr_line' id='line_1_5' title="bbox 184 507 1815 559; baseline -0.001 -10"><span class='ocrx_word' id='word_1_26' title='bbox 184 509 236 549; x_wconf 86' lang='lat' dir='ltr'>de</span> <span class='ocrx_word' id='word_1_27' title='bbox 270 509 358 550; x_wconf 90' lang='lat' dir='ltr'>Deo</span> <span class='ocrx_word' id='word_1_28' title='bbox 392 511 433 549; x_wconf 86' lang='lat' dir='ltr'>et</span> <span class='ocrx_word' id='word_1_29' title='bbox 466 508 518 549; x_wconf 89' lang='lat' dir='ltr'>de</span> <span class='ocrx_word' id='word_1_30' title='bbox 551 508 795 557; x_wconf 85' lang='lat' dir='ltr'>divinitate;</span> <span class='ocrx_word' id='word_1_31' title='bbox 836 508 977 548; x_wconf 86' lang='lat' dir='ltr'>dicam</span> <span class='ocrx_word' id='word_1_32' title='bbox 1011 507 1143 548; x_wconf 89' lang='lat' dir='ltr'>enim:</span> <span class='ocrx_word' id='word_1_33' title='bbox 1186 508 1299 548; x_wconf 87' lang='lat' dir='ltr'>Deus</span> <span class='ocrx_word' id='word_1_34' title='bbox 1332 507 1514 559; x_wconf 82' lang='lat' dir='ltr'>genitus,</span> <span class='ocrx_word' id='word_1_35' title='bbox 1548 520 1635 548; x_wconf 90' lang='lat' dir='ltr'>non</span> <span class='ocrx_word' id='word_1_36' title='bbox 1668 509 1815 549; x_wconf 86' lang='lat' dir='ltr'>tamen</span> 
     </span>
     <span class='ocr_line' id='line_1_6' title="bbox 183 583 1571 636; baseline 0 -11"><span class='ocrx_word' id='word_1_37' title='bbox 183 584 397 634; x_wconf 82' lang='lat' dir='ltr'>divinitas,</span> <span class='ocrx_word' id='word_1_38' title='bbox 433 585 545 626; x_wconf 89' lang='lat' dir='ltr'>Deus</span> <span class='ocrx_word' id='word_1_39' title='bbox 579 597 745 636; x_wconf 87' lang='lat' dir='ltr'>passus,</span> <span class='ocrx_word' id='word_1_40' title='bbox 782 584 990 633; x_wconf 88' lang='lat' dir='ltr'>mortuus,</span> <span class='ocrx_word' id='word_1_41' title='bbox 1025 596 1111 624; x_wconf 91' lang='lat' dir='ltr'>non</span> <span class='ocrx_word' id='word_1_42' title='bbox 1144 586 1290 624; x_wconf 87' lang='lat' dir='ltr'>tamen</span> <span class='ocrx_word' id='word_1_43' title='bbox 1325 583 1526 625; x_wconf 87' lang='lat' dir='ltr'>divinitas</span> <span class='ocrx_word' id='word_1_44' title='bbox 1545 585 1571 624; x_wconf 79' lang='lat'>1.</span> 
     </span>
    </p>

    <p class='ocr_par' dir='ltr' id='par_1_4' title="bbox 179 659 1817 1702">
     <span class='ocr_line' id='line_1_7' title="bbox 324 659 1814 709; baseline -0.001 -9"><span class='ocrx_word' id='word_1_45' title='bbox 324 661 431 700; x_wconf 88' lang='lat' dir='ltr'>lllud</span> <span class='ocrx_word' id='word_1_46' title='bbox 464 663 632 702; x_wconf 83' lang='lat' dir='ltr'>autem:</span> <span class='ocrx_word' id='word_1_47' title='bbox 668 660 862 701; x_wconf 85' lang='lat' dir='ltr'>Christus</span> <span class='ocrx_word' id='word_1_48' title='bbox 895 661 1064 701; x_wconf 83' lang='lat' dir='ltr'>constat</span> <span class='ocrx_word' id='word_1_49' title='bbox 1097 673 1147 701; x_wconf 83' lang='lat' dir='ltr'>ex</span> <span class='ocrx_word' id='word_1_50' title='bbox 1181 660 1268 701; x_wconf 89' lang='lat' dir='ltr'>Deo</span> <span class='ocrx_word' id='word_1_51' title='bbox 1304 662 1345 700; x_wconf 89' lang='lat' dir='ltr'>et</span> <span class='ocrx_word' id='word_1_52' title='bbox 1377 660 1565 709; x_wconf 87' lang='lat' dir='ltr'>homine,</span> <span class='ocrx_word' id='word_1_53' title='bbox 1600 659 1660 700; x_wconf 87' lang='lat' dir='ltr'>sic</span> <span class='ocrx_word' id='word_1_54' title='bbox 1691 659 1814 700; x_wconf 89' lang='lat' dir='ltr'>intel·-</span> 
     </span>
     <span class='ocr_line' id='line_1_8' title="bbox 183 735 1815 789; baseline -0.001 -12"><span class='ocrx_word' id='word_1_55' title='bbox 183 737 344 788; x_wconf 80' lang='lat' dir='ltr'>ligitur:</span> <span class='ocrx_word' id='word_1_56' title='bbox 402 736 498 777; x_wconf 90' lang='lat' dir='ltr'>Non</span> <span class='ocrx_word' id='word_1_57' title='bbox 545 740 596 777; x_wconf 76' lang='lat' dir='ltr'>&#39;ex</span> <span class='ocrx_word' id='word_1_58' title='bbox 629 749 679 777; x_wconf 91' lang='lat' dir='ltr'>eo</span> <span class='ocrx_word' id='word_1_59' title='bbox 713 736 829 789; x_wconf 89' lang='lat' dir='ltr'>quod</span> <span class='ocrx_word' id='word_1_60' title='bbox 864 736 977 777; x_wconf 90' lang='lat' dir='ltr'>Deus</span> <span class='ocrx_word' id='word_1_61' title='bbox 1010 749 1086 777; x_wconf 86' lang='lat' dir='ltr'>nec</span> <span class='ocrx_word' id='word_1_62' title='bbox 1120 749 1171 777; x_wconf 79' lang='lat' dir='ltr'>ex</span> <span class='ocrx_word' id='word_1_63' title='bbox 1204 749 1254 777; x_wconf 88' lang='lat' dir='ltr'>eo</span> <span class='ocrx_word' id='word_1_64' title='bbox 1297 736 1414 788; x_wconf 86' lang='lat' dir='ltr'>quod</span> <span class='ocrx_word' id='word_1_65' title='bbox 1455 736 1600 785; x_wconf 86' lang='lat' dir='ltr'>homo,</span> <span class='ocrx_word' id='word_1_66' title='bbox 1645 735 1720 776; x_wconf 86' lang='lat' dir='ltr'>sed</span> <span class='ocrx_word' id='word_1_67' title='bbox 1765 749 1815 777; x_wconf 83' lang='lat' dir='ltr'>ex</span> 
     </span>
     <span class='ocr_line' id='line_1_9' title="bbox 183 811 1815 864; baseline -0.001 -11"><span class='ocrx_word' id='word_1_68' title='bbox 183 813 408 854; x_wconf 87' lang='lat' dir='ltr'>divinitate</span> <span class='ocrx_word' id='word_1_69' title='bbox 452 815 494 853; x_wconf 86' lang='lat' dir='ltr'>et</span> <span class='ocrx_word' id='word_1_70' title='bbox 535 812 819 854; x_wconf 78' lang='lat' dir='ltr'><strong>humanitate.</strong></span> <span class='ocrx_word' id='word_1_71' title='bbox 897 812 957 852; x_wconf 78' lang='lat' dir='ltr'>Ex</span> <span class='ocrx_word' id='word_1_72' title='bbox 991 812 1055 852; x_wconf 89' lang='lat' dir='ltr'>his</span> <span class='ocrx_word' id='word_1_73' title='bbox 1088 811 1236 864; x_wconf 88' lang='lat' dir='ltr'>utique</span> <span class='ocrx_word' id='word_1_74' title='bbox 1270 813 1439 853; x_wconf 84' lang='lat' dir='ltr'>constat</span> <span class='ocrx_word' id='word_1_75' title='bbox 1480 825 1566 853; x_wconf 90' lang='lat' dir='ltr'>non</span> <span class='ocrx_word' id='word_1_76' title='bbox 1605 814 1815 864; x_wconf 76' lang='lat' dir='ltr'>tanquam</span> 
     </span>
     <span class='ocr_line' id='line_1_10' title="bbox 184 887 1815 941; baseline -0.002 -11"><span class='ocrx_word' id='word_1_77' title='bbox 184 903 235 930; x_wconf 79' lang='lat' dir='ltr'>ex</span> <span class='ocrx_word' id='word_1_78' title='bbox 268 888 477 941; x_wconf 83' lang='lat' dir='ltr'>partibus,</span> <span class='ocrx_word' id='word_1_79' title='bbox 511 889 586 929; x_wconf 86' lang='lat' dir='ltr'>sed</span> <span class='ocrx_word' id='word_1_80' title='bbox 619 891 830 941; x_wconf 78' lang='lat' dir='ltr'>tanquam</span> <span class='ocrx_word' id='word_1_81' title='bbox 865 901 915 929; x_wconf 85' lang='lat' dir='ltr'>ex</span> <span class='ocrx_word' id='word_1_82' title='bbox 948 888 1126 938; x_wconf 87' lang='lat' dir='ltr'>naturis,</span> <span class='ocrx_word' id='word_1_83' title='bbox 1171 901 1248 928; x_wconf 87' lang='lat' dir='ltr'>nec</span> <span class='ocrx_word' id='word_1_84' title='bbox 1281 891 1380 928; x_wconf 88' lang='lat' dir='ltr'>sunt</span> <span class='ocrx_word' id='word_1_85' title='bbox 1414 888 1505 928; x_wconf 91' lang='lat' dir='ltr'>eius</span> <span class='ocrx_word' id='word_1_86' title='bbox 1538 890 1696 940; x_wconf 89' lang='lat' dir='ltr'>partes,</span> <span class='ocrx_word' id='word_1_87' title='bbox 1741 887 1815 928; x_wconf 87' lang='lat' dir='ltr'>sed</span> 
     </span>
     <span class='ocr_line' id='line_1_11' title="bbox 182 962 1814 1015; baseline -0.001 -10"><span class='ocrx_word' id='word_1_88' title='bbox 182 967 365 1006; x_wconf 88' lang='lat' dir='ltr'>naturae</span> <span class='ocrx_word' id='word_1_89' title='bbox 383 967 409 1005; x_wconf 74' lang='lat'>2.</span> <span class='ocrx_word' id='word_1_90' title='bbox 474 964 583 1005; x_wconf 91' lang='lat' dir='ltr'>Cum</span> <span class='ocrx_word' id='word_1_91' title='bbox 616 964 771 1005; x_wconf 87' lang='lat' dir='ltr'>dicitur</span> <span class='ocrx_word' id='word_1_92' title='bbox 803 964 999 1015; x_wconf 80' lang='lat' dir='ltr'>geminae</span> <span class='ocrx_word' id='word_1_93' title='bbox 1026 964 1144 1015; x_wconf 81' lang='lat' dir='ltr'>gigas</span> <span class='ocrx_word' id='word_1_94' title='bbox 1182 962 1471 1013; x_wconf 73' lang='lat' dir='ltr'>substantiae,</span> <span class='ocrx_word' id='word_1_95' title='bbox 1498 964 1539 1004; x_wconf 85' lang='lat' dir='ltr'>id</span> <span class='ocrx_word' id='word_1_96' title='bbox 1574 966 1637 1005; x_wconf 89' lang='lat' dir='ltr'>est</span> <span class='ocrx_word' id='word_1_97' title='bbox 1676 963 1814 1004; x_wconf 89' lang='lat' dir='ltr'>subsi—</span> 
     </span>
     <span class='ocr_line' id='line_1_12' title="bbox 179 1039 1816 1091; baseline -0.001 -9"><span class='ocrx_word' id='word_1_98' title='bbox 179 1040 379 1091; x_wconf 85' lang='lat' dir='ltr'>stentiae,</span> <span class='ocrx_word' id='word_1_99' title='bbox 413 1040 649 1082; x_wconf 87' lang='lat' dir='ltr'>secundum</span> <span class='ocrx_word' id='word_1_100' title='bbox 682 1040 804 1081; x_wconf 86' lang='lat' dir='ltr'>illud:</span> <span class='ocrx_word' id='word_1_101' title='bbox 849 1040 984 1081; x_wconf 89' lang='lat' dir='ltr'>Locus</span> <span class='ocrx_word' id='word_1_102' title='bbox 1018 1054 1043 1081; x_wconf 88' lang='lat' dir='ltr'>a</span> <span class='ocrx_word' id='word_1_103' title='bbox 1077 1039 1333 1090; x_wconf 87' lang='lat' dir='ltr'>substantia,</span> <span class='ocrx_word' id='word_1_104' title='bbox 1379 1039 1421 1080; x_wconf 82' lang='lat' dir='ltr'>id</span> <span class='ocrx_word' id='word_1_105' title='bbox 1456 1042 1519 1081; x_wconf 86' lang='lat' dir='ltr'>est</span> <span class='ocrx_word' id='word_1_106' title='bbox 1558 1054 1583 1081; x_wconf 89' lang='lat' dir='ltr'>a</span> <span class='ocrx_word' id='word_1_107' title='bbox 1616 1040 1675 1081; x_wconf 89' lang='lat' dir='ltr'>rei</span> <span class='ocrx_word' id='word_1_108' title='bbox 1715 1040 1816 1080; x_wconf 90' lang='lat' dir='ltr'>sub-</span> 
     </span>
     <span class='ocr_line' id='line_1_13' title="bbox 183 1115 1816 1166; baseline -0.001 -9"><span class='ocrx_word' id='word_1_109' title='bbox 183 1116 378 1157; x_wconf 78' lang='lat' dir='ltr'>sistentia</span> <span class='ocrx_word' id='word_1_110' title='bbox 417 1118 459 1157; x_wconf 88' lang='lat' dir='ltr'>et</span> <span class='ocrx_word' id='word_1_111' title='bbox 509 1118 679 1166; x_wconf 90' lang='lat' dir='ltr'>natura,</span> <span class='ocrx_word' id='word_1_112' title='bbox 738 1129 788 1156; x_wconf 82' lang='lat' dir='ltr'>ex</span> <span class='ocrx_word' id='word_1_113' title='bbox 816 1116 1033 1165; x_wconf 85' lang='lat' dir='ltr'>intellectu</span> <span class='ocrx_word' id='word_1_114' title='bbox 1078 1115 1397 1156; x_wconf 87' lang='lat' dir='ltr'>subsistendi</span> <span class='ocrx_word' id='word_1_115' title='bbox 1444 1117 1484 1156; x_wconf 88' lang='lat' dir='ltr'>et</span> <span class='ocrx_word' id='word_1_116' title='bbox 1528 1128 1613 1156; x_wconf 90' lang='lat' dir='ltr'>non</span> <span class='ocrx_word' id='word_1_117' title='bbox 1648 1115 1816 1156; x_wconf 88' lang='lat' dir='ltr'>subsi-</span> 
     </span>
     <span class='ocr_line' id='line_1_14' title="bbox 182 1191 1816 1244; baseline -0.001 -11"><span class='ocrx_word' id='word_1_118' title='bbox 182 1191 368 1234; x_wconf 88' lang='lat' dir='ltr'>stentis</span> <span class='ocrx_word' id='word_1_119' title='bbox 401 1192 468 1233; x_wconf 90' lang='lat' dir='ltr'>hic</span> <span class='ocrx_word' id='word_1_120' title='bbox 489 1192 697 1244; x_wconf 75' lang='lat' dir='ltr'>accipitur</span> <span class='ocrx_word' id='word_1_121' title='bbox 728 1191 1039 1233; x_wconf 87' lang='lat' dir='ltr'>substantia.</span> <span class='ocrx_word' id='word_1_122' title='bbox 1104 1191 1223 1232; x_wconf 83' lang='lat' dir='ltr'>Solet</span> <span class='ocrx_word' id='word_1_123' title='bbox 1255 1191 1368 1232; x_wconf 87' lang='lat' dir='ltr'>enim</span> <span class='ocrx_word' id='word_1_124' title='bbox 1402 1191 1484 1232; x_wconf 88' lang='lat' dir='ltr'>hoc</span> <span class='ocrx_word' id='word_1_125' title='bbox 1505 1204 1663 1232; x_wconf 88' lang='lat' dir='ltr'>nomen</span> <span class='ocrx_word' id='word_1_126' title='bbox 1697 1191 1816 1231; x_wconf 88' lang='lat' dir='ltr'>sub-</span> 
     </span>
     <span class='ocr_line' id='line_1_15' title="bbox 182 1267 1816 1324; baseline -0.002 -14"><span class='ocrx_word' id='word_1_127' title='bbox 182 1269 376 1311; x_wconf 85' lang='lat' dir='ltr'>stantia</span> <span class='ocrx_word' id='word_1_128' title='bbox 409 1268 700 1321; x_wconf 87' lang='lat' dir='ltr'>multipliciter</span> <span class='ocrx_word' id='word_1_129' title='bbox 731 1267 879 1320; x_wconf 79' lang='lat' dir='ltr'>accipi.</span> <span class='ocrx_word' id='word_1_130' title='bbox 963 1267 1115 1324; x_wconf 81' lang='lat' dir='ltr'>Fertur</span> <span class='ocrx_word' id='word_1_131' title='bbox 1147 1267 1267 1308; x_wconf 83' lang='lat' dir='ltr'>enim·</span> <span class='ocrx_word' id='word_1_132' title='bbox 1289 1267 1524 1319; x_wconf 87' lang='lat' dir='ltr'>aliquando</span> <span class='ocrx_word' id='word_1_133' title='bbox 1559 1267 1614 1309; x_wconf 87' lang='lat' dir='ltr'>ad</span> <span class='ocrx_word' id='word_1_134' title='bbox 1646 1267 1816 1308; x_wconf 87' lang='lat' dir='ltr'>subsi-</span> 
     </span>
     <span class='ocr_line' id='line_1_16' title="bbox 182 1343 1816 1398; baseline -0.002 -11"><span class='ocrx_word' id='word_1_135' title='bbox 182 1344 339 1396; x_wconf 87' lang='lat' dir='ltr'>stens,</span> <span class='ocrx_word' id='word_1_136' title='bbox 374 1345 608 1398; x_wconf 88' lang='lat' dir='ltr'>aliquando</span> <span class='ocrx_word' id='word_1_137' title='bbox 642 1344 771 1385; x_wconf 84' lang='lat' dir='ltr'>mittit</span> <span class='ocrx_word' id='word_1_138' title='bbox 797 1344 853 1385; x_wconf 87' lang='lat' dir='ltr'>ad</span> <span class='ocrx_word' id='word_1_139' title='bbox 878 1343 1272 1385; x_wconf 79' lang='lat' dir='ltr'>subsistentiam</span> <span class='ocrx_word' id='word_1_140' title='bbox 1307 1346 1349 1384; x_wconf 89' lang='lat' dir='ltr'>et</span> <span class='ocrx_word' id='word_1_141' title='bbox 1382 1345 1599 1394; x_wconf 86' lang='lat' dir='ltr'>naturam,</span> <span class='ocrx_word' id='word_1_142' title='bbox 1634 1346 1694 1384; x_wconf 88' lang='lat' dir='ltr'>ut·</span> <span class='ocrx_word' id='word_1_143' title='bbox 1718 1356 1816 1384; x_wconf 83' lang='lat' dir='ltr'>cum</span> 
     </span>
     <span class='ocr_line' id='line_1_17' title="bbox 182 1419 1816 1473; baseline -0.001 -11"><span class='ocrx_word' id='word_1_144' title='bbox 182 1421 354 1463; x_wconf 87' lang='lat' dir='ltr'>dicitur:</span> <span class='ocrx_word' id='word_1_145' title='bbox 389 1420 664 1473; x_wconf 88' lang='lat' dir='ltr'>Corporeitas</span> <span class='ocrx_word' id='word_1_146' title='bbox 693 1422 756 1461; x_wconf 81' lang='lat' dir='ltr'>est</span> <span class='ocrx_word' id='word_1_147' title='bbox 782 1420 1024 1461; x_wconf 86' lang='lat' dir='ltr'>substantia</span> <span class='ocrx_word' id='word_1_148' title='bbox 1043 1421 1070 1460; x_wconf 79' lang='lat'>3.</span> <span class='ocrx_word' id='word_1_149' title='bbox 1134 1419 1198 1461; x_wconf 89' lang='lat' dir='ltr'>Ita</span> <span class='ocrx_word' id='word_1_150' title='bbox 1221 1419 1301 1461; x_wconf 89' lang='lat' dir='ltr'>hic.</span> <span class='ocrx_word' id='word_1_151' title='bbox 1366 1419 1462 1460; x_wconf 92' lang='lat' dir='ltr'>Non</span> <span class='ocrx_word' id='word_1_152' title='bbox 1492 1431 1592 1470; x_wconf 80' lang='lat' dir='ltr'>ergo</span> <span class='ocrx_word' id='word_1_153' title='bbox 1620 1419 1816 1460; x_wconf 83' lang='lat' dir='ltr'>dicamus</span> 
     </span>
     <span class='ocr_line' id='line_1_18' title="bbox 182 1496 1817 1548; baseline -0.001 -10"><span class='ocrx_word' id='word_1_154' title='bbox 182 1510 279 1539; x_wconf 87' lang='lat' dir='ltr'>cum</span> <span class='ocrx_word' id='word_1_155' title='bbox 313 1497 552 1538; x_wconf 88' lang='lat' dir='ltr'>Nestorio</span> <span class='ocrx_word' id='word_1_156' title='bbox 585 1497 803 1538; x_wconf 82' lang='lat' dir='ltr'>Christum</span> <span class='ocrx_word' id='word_1_157' title='bbox 837 1496 1039 1548; x_wconf 71' lang='lat' dir='ltr'>gig-auten</span> <span class='ocrx_word' id='word_1_158' title='bbox 1073 1496 1257 1537; x_wconf 82' lang='lat' dir='ltr'>duarum</span> <span class='ocrx_word' id='word_1_159' title='bbox 1297 1496 1734 1546; x_wconf 84' lang='lat' dir='ltr'>substantiarum,</span> <span class='ocrx_word' id='word_1_160' title='bbox 1774 1496 1817 1537; x_wconf 86' lang='lat' dir='ltr'>id</span> 
     </span>
     <span class='ocr_line' id='line_1_19' title="bbox 183 1571 1816 1623; baseline -0.001 -9"><span class='ocrx_word' id='word_1_161' title='bbox 183 1576 248 1614; x_wconf 89' lang='lat' dir='ltr'>est</span> <span class='ocrx_word' id='word_1_162' title='bbox 280 1572 699 1623; x_wconf 87' lang='lat' dir='ltr'>subsistentium,</span> <span class='ocrx_word' id='word_1_163' title='bbox 746 1572 821 1614; x_wconf 86' lang='lat' dir='ltr'>sed</span> <span class='ocrx_word' id='word_1_164' title='bbox 854 1572 1331 1622; x_wconf 81' lang='lat' dir='ltr'>subsistentiarum,</span> <span class='ocrx_word' id='word_1_165' title='bbox 1366 1571 1407 1612; x_wconf 84' lang='lat' dir='ltr'>id</span> <span class='ocrx_word' id='word_1_166' title='bbox 1450 1574 1513 1613; x_wconf 89' lang='lat' dir='ltr'>est</span> <span class='ocrx_word' id='word_1_167' title='bbox 1546 1575 1816 1623; x_wconf 80' lang='lat' dir='ltr'>naturarum,</span> 
     </span>
     <span class='ocr_line' id='line_1_20' title="bbox 185 1649 1452 1702; baseline -0.002 -11"><span class='ocrx_word' id='word_1_168' title='bbox 185 1650 240 1691; x_wconf 88' lang='lat' dir='ltr'>ab</span> <span class='ocrx_word' id='word_1_169' title='bbox 274 1649 360 1691; x_wconf 78' lang='lat' dir='ltr'>nna</span> <span class='ocrx_word' id='word_1_170' title='bbox 393 1662 577 1702; x_wconf 83' lang='lat' dir='ltr'>quarum</span> <span class='ocrx_word' id='word_1_171' title='bbox 609 1650 737 1699; x_wconf 90' lang='lat' dir='ltr'>Deus,</span> <span class='ocrx_word' id='word_1_172' title='bbox 771 1649 826 1690; x_wconf 87' lang='lat' dir='ltr'>ab</span> <span class='ocrx_word' id='word_1_173' title='bbox 860 1649 996 1690; x_wconf 83' lang='lat' dir='ltr'>altera</span> <span class='ocrx_word' id='word_1_174' title='bbox 1029 1649 1160 1689; x_wconf 84' lang='lat' dir='ltr'>homo</span> <span class='ocrx_word' id='word_1_175' title='bbox 1194 1649 1413 1690; x_wconf 87' lang='lat' dir='ltr'>subsistat.</span> <span class='ocrx_word' id='word_1_176' title='bbox 1449 1651 1452 1700; x_wconf 93' lang='grc' dir='ltr'>Ι</span> 
     </span>
    </p>

    <p class='ocr_par' dir='ltr' id='par_1_5' title="bbox 325 1723 1818 1777">
     <span class='ocr_line' id='line_1_21' title="bbox 325 1723 1818 1777; baseline 0 -11"><span class='ocrx_word' id='word_1_177' title='bbox 325 1725 371 1766; x_wconf 88' lang='lat' dir='ltr'>In</span> <span class='ocrx_word' id='word_1_178' title='bbox 405 1725 515 1767; x_wconf 86' lang='lat' dir='ltr'>hanc</span> <span class='ocrx_word' id='word_1_179' title='bbox 554 1728 701 1767; x_wconf 88' lang='lat' dir='ltr'>autem</span> <span class='ocrx_word' id='word_1_180' title='bbox 741 1724 953 1766; x_wconf 84' lang='lat' dir='ltr'>haeresim</span> <span class='ocrx_word' id='word_1_181' title='bbox 1007 1725 1152 1777; x_wconf 87' lang='lat' dir='ltr'>lapsus</span> <span class='ocrx_word' id='word_1_182' title='bbox 1194 1727 1259 1765; x_wconf 89' lang='lat' dir='ltr'>est</span> <span class='ocrx_word' id='word_1_183' title='bbox 1302 1723 1569 1765; x_wconf 79' lang='lat' dir='ltr'>Nestorius</span> <span class='ocrx_word' id='word_1_184' title='bbox 1611 1725 1818 1777; x_wconf 85' lang='lat' dir='ltr'>deceptus</span> 
     </span>
    </p>
   </div>
   <div class='ocr_carea' id='block_1_4' title="bbox 182 1800 1852 1851">
    <p class='ocr_par' dir='ltr' id='par_1_6' title="bbox 182 1800 1852 1851">
     <span class='ocr_line' id='line_1_22' title="bbox 182 1800 1852 1851; baseline -0.001 -9"><span class='ocrx_word' id='word_1_185' title='bbox 182 1801 459 1843; x_wconf 84' lang='lat' dir='ltr'>similitudine</span> <span class='ocrx_word' id='word_1_186' title='bbox 497 1801 807 1842; x_wconf 68' lang='lat' dir='ltr'>naturaliu1‘n4.</span> <span class='ocrx_word' id='word_1_187' title='bbox 872 1802 1058 1842; x_wconf 80' lang='lat' dir='ltr'>Cursum</span> <span class='ocrx_word' id='word_1_188' title='bbox 1104 1801 1217 1842; x_wconf 76' lang='lat' dir='ltr'>enin]</span> <span class='ocrx_word' id='word_1_189' title='bbox 1262 1800 1526 1843; x_wconf 84' lang='lat' dir='ltr'>naturalium</span> <span class='ocrx_word' id='word_1_190' title='bbox 1572 1802 1852 1851; x_wconf 73' lang='lat' dir='ltr'>attendens‚·2</span> 
     </span>
    </p>
   </div>
   <div class='ocr_carea' id='block_1_5' title="bbox 1839 1052 1869 1076">
    <p class='ocr_par' dir='ltr' id='par_1_7' title="bbox 1839 1052 1869 1076">
     <span class='ocr_line' id='line_1_23' title="bbox 1839 1052 1869 1076; baseline -0.1 0"><span class='ocrx_word' id='word_1_191' title='bbox 1839 1052 1869 1076; x_wconf 74' lang='lat'>10</span> 
     </span>
    </p>
   </div>
   <div class='ocr_carea' id='block_1_6' title="bbox 1840 1431 1870 1455">
    <p class='ocr_par' dir='ltr' id='par_1_8' title="bbox 1840 1431 1870 1455">
     <span class='ocr_line' id='line_1_24' title="bbox 1840 1431 1870 1455; baseline 0.033 -1"><span class='ocrx_word' id='word_1_192' title='bbox 1840 1431 1870 1455; x_wconf 84' lang='lat'>15</span> 
     </span>
    </p>
   </div>
   <div class='ocr_carea' id='block_1_7' title="bbox 183 1876 1842 1929">
    <p class='ocr_par' dir='ltr' id='par_1_9' title="bbox 183 1876 1842 1929">
     <span class='ocr_line' id='line_1_25' title="bbox 183 1876 1842 1929; baseline 0 -11"><span class='ocrx_word' id='word_1_193' title='bbox 183 1876 407 1919; x_wconf 87' lang='lat' dir='ltr'>Nestorius</span> <span class='ocrx_word' id='word_1_194' title='bbox 446 1877 687 1918; x_wconf 83' lang='lat' dir='ltr'>asserebat:</span> <span class='ocrx_word' id='word_1_195' title='bbox 735 1877 854 1918; x_wconf 78' lang='lat' dir='ltr'>Sicut</span> <span class='ocrx_word' id='word_1_196' title='bbox 886 1877 940 1918; x_wconf 86' lang='lat' dir='ltr'>ad</span> <span class='ocrx_word' id='word_1_197' title='bbox 981 1876 1327 1929; x_wconf 86' lang='lat' dir='ltr'>componendum</span> <span class='ocrx_word' id='word_1_198' title='bbox 1363 1877 1524 1929; x_wconf 84' lang='lat' dir='ltr'>aliquid</span> <span class='ocrx_word' id='word_1_199' title='bbox 1564 1877 1842 1928; x_wconf 65' lang='lat' dir='ltr'>subsistens,</span> 
     </span>
    </p>
   </div>
   <div class='ocr_carea' id='block_1_8' title="bbox 182 1953 1817 2158">
    <p class='ocr_par' dir='ltr' id='par_1_10' title="bbox 182 1953 1817 2158">
     <span class='ocr_line' id='line_1_26' title="bbox 183 1953 1817 2007; baseline -0.001 -12"><span class='ocrx_word' id='word_1_200' title='bbox 183 1956 334 2007; x_wconf 86' lang='lat' dir='ltr'>utpote</span> <span class='ocrx_word' id='word_1_201' title='bbox 373 1953 609 2003; x_wconf 88' lang='lat' dir='ltr'>hominem,</span> <span class='ocrx_word' id='word_1_202' title='bbox 661 1953 921 2004; x_wconf 84' lang='lat' dir='ltr'>conveniunt</span> <span class='ocrx_word' id='word_1_203' title='bbox 960 1953 1156 1994; x_wconf 86' lang='lat' dir='ltr'>diversae</span> <span class='ocrx_word' id='word_1_204' title='bbox 1210 1955 1406 2003; x_wconf 86' lang='lat' dir='ltr'>naturae,</span> <span class='ocrx_word' id='word_1_205' title='bbox 1447 1956 1500 1993; x_wconf 74' lang='lat' dir='ltr'>vut</span> <span class='ocrx_word' id='word_1_206' title='bbox 1545 1953 1586 1993; x_wconf 86' lang='lat' dir='ltr'>in</span> <span class='ocrx_word' id='word_1_207' title='bbox 1631 1953 1817 1994; x_wconf 88' lang='lat' dir='ltr'>hominis</span> 
     </span>
     <span class='ocr_line' id='line_1_27' title="bbox 183 2029 1816 2082; baseline 0 -12"><span class='ocrx_word' id='word_1_208' title='bbox 183 2030 490 2071; x_wconf 81' lang='lat' dir='ltr'>constitutione</span> <span class='ocrx_word' id='word_1_209' title='bbox 523 2030 787 2082; x_wconf 82' lang='lat' dir='ltr'>corporeitas</span> <span class='ocrx_word' id='word_1_210' title='bbox 821 2032 864 2070; x_wconf 91' lang='lat' dir='ltr'>et</span> <span class='ocrx_word' id='word_1_211' title='bbox 896 2029 1177 2081; x_wconf 87' lang='lat' dir='ltr'>spiritualitas</span> <span class='ocrx_word' id='word_1_212' title='bbox 1209 2030 1252 2069; x_wconf 86' lang='lat' dir='ltr'>et</span> <span class='ocrx_word' id='word_1_213' title='bbox 1285 2042 1434 2071; x_wconf 86' lang='lat' dir='ltr'>earum</span> <span class='ocrx_word' id='word_1_214' title='bbox 1468 2029 1663 2070; x_wconf 88' lang='lat' dir='ltr'>subiecta</span> <span class='ocrx_word' id='word_1_215' title='bbox 1691 2032 1816 2070; x_wconf 91' lang='lat' dir='ltr'>natu-</span> 
     </span>
     <span class='ocr_line' id='line_1_28' title="bbox 182 2104 1817 2158; baseline -0.001 -12"><span class='ocrx_word' id='word_1_216' title='bbox 182 2108 421 2155; x_wconf 73' lang='lat' dir='ltr'>raruni,&#39;ut</span> <span class='ocrx_word' id='word_1_217' title='bbox 454 2118 609 2158; x_wconf 83' lang='lat' dir='ltr'>corpus</span> <span class='ocrx_word' id='word_1_218' title='bbox 644 2108 685 2146; x_wconf 91' lang='lat' dir='ltr'>et</span> <span class='ocrx_word' id='word_1_219' title='bbox 718 2105 905 2158; x_wconf 85' lang='lat' dir='ltr'>spiritus,</span> <span class='ocrx_word' id='word_1_220' title='bbox 950 2105 1009 2147; x_wconf 91' lang='lat' dir='ltr'>ita</span> <span class='ocrx_word' id='word_1_221' title='bbox 1049 2105 1104 2146; x_wconf 84' lang='lat' dir='ltr'>ad</span> <span class='ocrx_word' id='word_1_222' title='bbox 1146 2104 1414 2146; x_wconf 83' lang='lat' dir='ltr'>reddendum</span> <span class='ocrx_word' id='word_1_223' title='bbox 1450 2104 1666 2146; x_wconf 79' lang='lat' dir='ltr'>Christum</span> <span class='ocrx_word' id='word_1_224' title='bbox 1715 2117 1817 2146; x_wconf 82' lang='lat' dir='ltr'>con-</span> 
     </span>
    </p>
   </div>
   <div class='ocr_carea' id='block_1_9' title="bbox 182 2180 1870 2231">
    <p class='ocr_par' dir='ltr' id='par_1_11' title="bbox 182 2180 1870 2231">
     <span class='ocr_line' id='line_1_29' title="bbox 182 2180 1870 2231; baseline -0.001 -8"><span class='ocrx_word' id='word_1_225' title='bbox 182 2182 412 2223; x_wconf 85' lang='lat' dir='ltr'>currebant</span> <span class='ocrx_word' id='word_1_226' title='bbox 444 2181 639 2222; x_wconf 84' lang='lat' dir='ltr'>diversae</span> <span class='ocrx_word' id='word_1_227' title='bbox 672 2183 869 2231; x_wconf 88' lang='lat' dir='ltr'>naturae,</span> <span class='ocrx_word' id='word_1_228' title='bbox 909 2181 1066 2222; x_wconf 85' lang='lat' dir='ltr'>scilicet</span> <span class='ocrx_word' id='word_1_229' title='bbox 1101 2180 1244 2222; x_wconf 79' lang='lat' dir='ltr'>divina</span> <span class='ocrx_word' id='word_1_230' title='bbox 1279 2183 1319 2221; x_wconf 87' lang='lat' dir='ltr'>et</span> <span class='ocrx_word' id='word_1_231' title='bbox 1352 2180 1557 2231; x_wconf 86' lang='lat' dir='ltr'>humana,</span> <span class='ocrx_word' id='word_1_232' title='bbox 1591 2183 1633 2221; x_wconf 90' lang='lat' dir='ltr'>et</span> <span class='ocrx_word' id='word_1_233' title='bbox 1667 2194 1816 2222; x_wconf 88' lang='lat' dir='ltr'>earum</span> <span class='ocrx_word' id='word_1_234' title='bbox 1838 2199 1870 2223; x_wconf 74' lang='lat'>25</span> 
     </span>
    </p>
   </div>
   <div class='ocr_carea' id='block_1_10' title="bbox 186 2291 715 2295">
    <p class='ocr_par' dir='ltr' id='par_1_12' title="bbox 186 2291 715 2295">
     <span class='ocr_line' id='line_1_30' title="bbox 186 2291 715 2295; baseline 0 0"><span class='ocrx_word' id='word_1_235' title='bbox 186 2291 715 2295; x_wconf 95' lang='lat' dir='ltr'> </span> 
     </span>
    </p>
   </div>
   <div class='ocr_carea' id='block_1_11' title="bbox 182 2339 1818 2444">
    <p class='ocr_par' dir='ltr' id='par_1_13' title="bbox 182 2339 1818 2444">
     <span class='ocr_line' id='line_1_31' title="bbox 322 2339 1818 2384; baseline 0.001 -11"><span class='ocrx_word' id='word_1_236' title='bbox 322 2340 344 2373; x_wconf 99' lang='lat'>4</span> <span class='ocrx_word' id='word_1_237' title='bbox 365 2345 448 2383; x_wconf 75' lang='lat' dir='ltr'>post</span> <span class='ocrx_word' id='word_1_238' title='bbox 474 2351 602 2384; x_wconf 84' lang='lat' dir='ltr'>passus</span> <span class='ocrx_word' id='word_1_239' title='bbox 629 2342 711 2374; x_wconf 59' lang='lat' dir='ltr'>adsi.</span> <span class='ocrx_word' id='word_1_240' title='bbox 728 2340 760 2373; x_wconf 88' lang='lat' dir='ltr'><em>B</em></span> <span class='ocrx_word' id='word_1_241' title='bbox 786 2342 832 2374; x_wconf 85' lang='lat' dir='ltr'>et.</span> <span class='ocrx_word' id='word_1_242' title='bbox 908 2340 928 2373; x_wconf 88' lang='grc'>9</span> <span class='ocrx_word' id='word_1_243' title='bbox 944 2360 962 2362; x_wconf 31' lang='grc' dir='ltr'>-ν</span> <span class='ocrx_word' id='word_1_244' title='bbox 982 2340 1023 2373; x_wconf 90' lang='grc'>10</span> <span class='ocrx_word' id='word_1_245' title='bbox 1044 2339 1312 2382; x_wconf 75' lang='lat' dir='ltr'>subsistentiae]</span> <span class='ocrx_word' id='word_1_246' title='bbox 1330 2340 1552 2374; x_wconf 86' lang='lat' dir='ltr'>substantiae</span> <span class='ocrx_word' id='word_1_247' title='bbox 1581 2342 1622 2376; x_wconf 86' lang='lat' dir='ltr'>B.</span> <span class='ocrx_word' id='word_1_248' title='bbox 1702 2340 1742 2374; x_wconf 81' lang='lat'>18</span> <span class='ocrx_word' id='word_1_249' title='bbox 1775 2341 1818 2374; x_wconf 85' lang='lat' dir='ltr'>si-</span> 
     </span>
     <span class='ocr_line' id='line_1_32' title="bbox 182 2398 1189 2444; baseline 0 -11"><span class='ocrx_word' id='word_1_250' title='bbox 182 2400 255 2433; x_wconf 88' lang='lat' dir='ltr'>stat</span> <span class='ocrx_word' id='word_1_251' title='bbox 281 2401 324 2434; x_wconf 78' lang='lat' dir='ltr'>A.</span> <span class='ocrx_word' id='word_1_252' title='bbox 421 2399 464 2433; x_wconf 88' lang='grc'>21</span> <span class='ocrx_word' id='word_1_253' title='bbox 486 2398 629 2444; x_wconf 84' lang='lat' dir='ltr'>aliquod</span> <span class='ocrx_word' id='word_1_254' title='bbox 644 2402 686 2435; x_wconf 81' lang='lat' dir='ltr'>A.</span> <span class='ocrx_word' id='word_1_255' title='bbox 786 2400 829 2433; x_wconf 83' lang='grc'>25</span> <span class='ocrx_word' id='word_1_256' title='bbox 851 2399 984 2441; x_wconf 83' lang='lat' dir='ltr'>earum]</span> <span class='ocrx_word' id='word_1_257' title='bbox 1006 2399 1131 2434; x_wconf 85' lang='lat' dir='ltr'>harum</span> <span class='ocrx_word' id='word_1_258' title='bbox 1153 2402 1189 2433; x_wconf 82' lang='lat' dir='ltr'>B.</span> 
     </span>
    </p>
   </div>
   <div class='ocr_carea' id='block_1_12' title="bbox 184 2484 715 2488">
    <p class='ocr_par' dir='ltr' id='par_1_14' title="bbox 184 2484 715 2488">
     <span class='ocr_line' id='line_1_33' title="bbox 184 2484 715 2488; baseline 0 0"><span class='ocrx_word' id='word_1_259' title='bbox 184 2484 715 2488; x_wconf 95' lang='lat' dir='ltr'> </span> 
     </span>
    </p>
   </div>
   <div class='ocr_carea' id='block_1_13' title="bbox 181 2531 1819 3111">
    <p class='ocr_par' dir='ltr' id='par_1_15' title="bbox 182 2531 1818 2637">
     <span class='ocr_line' id='line_1_34' title="bbox 325 2531 1818 2576; baseline 0 -10"><span class='ocrx_word' id='word_1_260' title='bbox 325 2532 334 2550; x_wconf 93' lang='lat'>¹</span> <span class='ocrx_word' id='word_1_261' title='bbox 364 2532 467 2567; x_wconf 88' lang='lat' dir='ltr'>Otto</span> <span class='ocrx_word' id='word_1_262' title='bbox 495 2532 542 2566; x_wconf 80' lang='lat' dir='ltr'>de</span> <span class='ocrx_word' id='word_1_263' title='bbox 566 2532 791 2576; x_wconf 79' lang='lat' dir='ltr'>Freising,</span> <span class='ocrx_word' id='word_1_264' title='bbox 823 2536 929 2567; x_wconf 71' lang='lat' dir='ltr'>Gesta</span> <span class='ocrx_word' id='word_1_265' title='bbox 952 2534 1055 2566; x_wconf 70' lang='lat' dir='ltr'>Frm.</span> <span class='ocrx_word' id='word_1_266' title='bbox 1084 2534 1175 2576; x_wconf 72' lang='lat' dir='ltr'>Imp.</span> <span class='ocrx_word' id='word_1_267' title='bbox 1202 2532 1223 2566; x_wconf 94' lang='grc'>1.</span> <span class='ocrx_word' id='word_1_268' title='bbox 1246 2532 1271 2567; x_wconf 90' lang='grc' dir='ltr'>Ι.</span> <span class='ocrx_word' id='word_1_269' title='bbox 1299 2544 1328 2566; x_wconf 82' lang='lat' dir='ltr'>c.</span> <span class='ocrx_word' id='word_1_270' title='bbox 1351 2532 1405 2566; x_wconf 86' lang='grc'>61.</span> <span class='ocrx_word' id='word_1_271' title='bbox 1433 2531 1487 2566; x_wconf 85' lang='lat' dir='ltr'>ed.</span> <span class='ocrx_word' id='word_1_272' title='bbox 1508 2531 1670 2573; x_wconf 85' lang='lat' dir='ltr'>Waitz,</span> <span class='ocrx_word' id='word_1_273' title='bbox 1698 2544 1731 2576; x_wconf 89' lang='lat' dir='ltr'>p.</span> <span class='ocrx_word' id='word_1_274' title='bbox 1761 2532 1818 2567; x_wconf 84' lang='lat'>70.</span> 
     </span>
     <span class='ocr_line' id='line_1_35' title="bbox 182 2592 983 2637; baseline 0 -11"><span class='ocrx_word' id='word_1_275' title='bbox 182 2594 267 2629; x_wconf 63' lang='grc' dir='ltr'>ΜΘ,</span> <span class='ocrx_word' id='word_1_276' title='bbox 296 2594 357 2627; x_wconf 84' lang='lat' dir='ltr'>SS.</span> <span class='ocrx_word' id='word_1_277' title='bbox 384 2604 418 2637; x_wconf 94' lang='lat' dir='ltr'>p.</span> <span class='ocrx_word' id='word_1_278' title='bbox 445 2592 525 2627; x_wconf 82' lang='lat'>384.</span> <span class='ocrx_word' id='word_1_279' title='bbox 575 2592 621 2626; x_wconf 86' lang='lat' dir='ltr'>cf.</span> <span class='ocrx_word' id='word_1_280' title='bbox 648 2603 757 2637; x_wconf 83' lang='lat' dir='ltr'>supra</span> <span class='ocrx_word' id='word_1_281' title='bbox 783 2603 815 2636; x_wconf 91' lang='lat' dir='ltr'>p.</span> <span class='ocrx_word' id='word_1_282' title='bbox 843 2592 899 2633; x_wconf 84' lang='grc'>25,</span> <span class='ocrx_word' id='word_1_283' title='bbox 927 2592 983 2626; x_wconf 91' lang='grc'>26.</span> 
     </span>
    </p>

    <p class='ocr_par' dir='ltr' id='par_1_16' title="bbox 181 2639 1816 2756">
     <span class='ocr_line' id='line_1_36' title="bbox 324 2639 1816 2695; baseline -0.001 -10"><span class='ocrx_word' id='word_1_284' title='bbox 324 2650 337 2669; x_wconf 71' lang='lat'>2</span> <span class='ocrx_word' id='word_1_285' title='bbox 362 2652 407 2685; x_wconf 85' lang='lat' dir='ltr'>cf.</span> <span class='ocrx_word' id='word_1_286' title='bbox 434 2651 547 2686; x_wconf 88' lang='lat' dir='ltr'>Petr.</span> <span class='ocrx_word' id='word_1_287' title='bbox 575 2651 712 2686; x_wconf 86' lang='lat' dir='ltr'>Lomb.</span> <span class='ocrx_word' id='word_1_288' title='bbox 749 2653 841 2687; x_wconf 74' lang='lat' dir='ltr'>Sent.</span> <span class='ocrx_word' id='word_1_289' title='bbox 870 2652 891 2686; x_wconf 94' lang='grc'>1.</span> <span class='ocrx_word' id='word_1_290' title='bbox 919 2652 980 2687; x_wconf 81' lang='grc' dir='ltr'>ΙΙΙ.</span> <span class='ocrx_word' id='word_1_291' title='bbox 1009 2651 1041 2685; x_wconf 83' lang='lat' dir='ltr'>d.</span> <span class='ocrx_word' id='word_1_292' title='bbox 1070 2652 1100 2685; x_wconf 87' lang='lat'>7.</span> <span class='ocrx_word' id='word_1_293' title='bbox 1128 2663 1158 2685; x_wconf 88' lang='lat' dir='ltr'>c.</span> <span class='ocrx_word' id='word_1_294' title='bbox 1185 2651 1222 2685; x_wconf 84' lang='lat'>2:</span> <span class='ocrx_word' id='word_1_295' title='bbox 1268 2651 1322 2684; x_wconf 82' lang='lat' dir='ltr'>Ad</span> <span class='ocrx_word' id='word_1_296' title='bbox 1349 2651 1442 2695; x_wconf 87' lang='lat' dir='ltr'>quod</span> <span class='ocrx_word' id='word_1_297' title='bbox 1469 2651 1579 2685; x_wconf 85' lang='lat' dir='ltr'>etiam</span> <span class='ocrx_word' id='word_1_298' title='bbox 1605 2650 1657 2685; x_wconf 89' lang='lat' dir='ltr'>illi</span> <span class='ocrx_word' id='word_1_299' title='bbox 1684 2639 1816 2691; x_wconf 73' lang='lat' dir='ltr'>dicunt,</span> 
     </span>
     <span class='ocr_line' id='line_1_37' title="bbox 181 2710 1815 2756; baseline 0 -12"><span class='ocrx_word' id='word_1_300' title='bbox 181 2710 277 2745; x_wconf 86' lang='lat' dir='ltr'>illam</span> <span class='ocrx_word' id='word_1_301' title='bbox 304 2722 492 2755; x_wconf 86' lang='lat' dir='ltr'>personam</span> <span class='ocrx_word' id='word_1_302' title='bbox 517 2723 585 2745; x_wconf 88' lang='lat' dir='ltr'>non</span> <span class='ocrx_word' id='word_1_303' title='bbox 613 2711 664 2745; x_wconf 85' lang='lat' dir='ltr'>ita</span> <span class='ocrx_word' id='word_1_304' title='bbox 684 2713 848 2745; x_wconf 77' lang='lat' dir='ltr'>constare</span> <span class='ocrx_word' id='word_1_305' title='bbox 875 2723 919 2745; x_wconf 87' lang='lat' dir='ltr'>ex</span> <span class='ocrx_word' id='word_1_306' title='bbox 939 2710 1014 2745; x_wconf 83' lang='lat' dir='ltr'>Deo</span> <span class='ocrx_word' id='word_1_307' title='bbox 1035 2713 1070 2745; x_wconf 89' lang='lat' dir='ltr'>et</span> <span class='ocrx_word' id='word_1_308' title='bbox 1090 2710 1242 2748; x_wconf 73' lang='lat' dir='ltr'>homine.</span> <span class='ocrx_word' id='word_1_309' title='bbox 1270 2710 1372 2755; x_wconf 86' lang='lat' dir='ltr'>quasi</span> <span class='ocrx_word' id='word_1_310' title='bbox 1393 2713 1506 2744; x_wconf 86' lang='lat' dir='ltr'>toturn</span> <span class='ocrx_word' id='word_1_311' title='bbox 1528 2723 1572 2744; x_wconf 82' lang='lat' dir='ltr'>ex</span> <span class='ocrx_word' id='word_1_312' title='bbox 1593 2710 1815 2756; x_wconf 84' lang='lat' dir='ltr'>partibus...</span> 
     </span>
    </p>

    <p class='ocr_par' dir='ltr' id='par_1_17' title="bbox 182 2768 1819 3111">
     <span class='ocr_line' id='line_1_38' title="bbox 322 2768 1813 2811; baseline -0.001 -7"><span class='ocrx_word' id='word_1_313' title='bbox 322 2768 335 2787; x_wconf 78' lang='lat'>3</span> <span class='ocrx_word' id='word_1_314' title='bbox 360 2769 554 2804; x_wconf 83' lang='lat' dir='ltr'>Gilberti</span> <span class='ocrx_word' id='word_1_315' title='bbox 591 2772 777 2805; x_wconf 58' lang='lat' dir='ltr'>Camment.</span> <span class='ocrx_word' id='word_1_316' title='bbox 809 2773 848 2805; x_wconf 78' lang='lat' dir='ltr'>in</span> <span class='ocrx_word' id='word_1_317' title='bbox 880 2771 960 2804; x_wconf 63' lang='lat' dir='ltr'>libr.</span> <span class='ocrx_word' id='word_1_318' title='bbox 991 2772 1033 2804; x_wconf 77' lang='lat' dir='ltr'>sle</span> <span class='ocrx_word' id='word_1_319' title='bbox 1056 2770 1326 2811; x_wconf 68' lang='lat' dir='ltr'>TrinitateOEL.</span> <span class='ocrx_word' id='word_1_320' title='bbox 1350 2770 1513 2811; x_wconf 79' lang='lat'>64‚1279</span> <span class='ocrx_word' id='word_1_321' title='bbox 1540 2770 1601 2811; x_wconf 88' lang='lat' dir='ltr'>D):</span> <span class='ocrx_word' id='word_1_322' title='bbox 1631 2769 1726 2810; x_wconf 79' lang='lat' dir='ltr'>Quos</span> <span class='ocrx_word' id='word_1_323' title='bbox 1753 2770 1813 2804; x_wconf 79' lang='lat' dir='ltr'>hic</span> 
     </span>
     <span class='ocr_line' id='line_1_39' title="bbox 182 2829 1817 2874; baseline 0.001 -12"><span class='ocrx_word' id='word_1_324' title='bbox 182 2829 258 2874; x_wconf 86' lang='lat' dir='ltr'>ipse</span> <span class='ocrx_word' id='word_1_325' title='bbox 293 2841 391 2862; x_wconf 81' lang='lat' dir='ltr'>error</span> <span class='ocrx_word' id='word_1_326' title='bbox 425 2830 590 2873; x_wconf 82' lang='lat' dir='ltr'>patenter</span> <span class='ocrx_word' id='word_1_327' title='bbox 624 2829 781 2863; x_wconf 78' lang='lat' dir='ltr'>ostendit</span> <span class='ocrx_word' id='word_1_328' title='bbox 813 2829 954 2864; x_wconf 86' lang='lat' dir='ltr'>omnino</span> <span class='ocrx_word' id='word_1_329' title='bbox 990 2829 1127 2863; x_wconf 85' lang='lat' dir='ltr'>nescire</span> <span class='ocrx_word' id='word_1_330' title='bbox 1164 2829 1268 2863; x_wconf 89' lang='lat' dir='ltr'>huius</span> <span class='ocrx_word' id='word_1_331' title='bbox 1304 2829 1467 2870; x_wconf 85' lang='lat' dir='ltr'>nominis,</span> <span class='ocrx_word' id='word_1_332' title='bbox 1504 2829 1596 2874; x_wconf 91' lang='lat' dir='ltr'>quod</span> <span class='ocrx_word' id='word_1_333' title='bbox 1630 2832 1685 2863; x_wconf 86' lang='lat' dir='ltr'>est</span> <span class='ocrx_word' id='word_1_334' title='bbox 1719 2829 1817 2863; x_wconf 88' lang='lat' dir='ltr'>sub-</span> 
     </span>
     <span class='ocr_line' id='line_1_40' title="bbox 182 2888 1816 2933; baseline 0 -11"><span class='ocrx_word' id='word_1_335' title='bbox 182 2889 369 2929; x_wconf 84' lang='lat' dir='ltr'>stantia,</span> <span class='ocrx_word' id='word_1_336' title='bbox 405 2888 696 2933; x_wconf 82' lang='lat' dir='ltr'>multiplicem</span> <span class='ocrx_word' id='word_1_337' title='bbox 730 2889 770 2922; x_wconf 92' lang='lat' dir='ltr'>in</span> <span class='ocrx_word' id='word_1_338' title='bbox 810 2889 1091 2923; x_wconf 85' lang='lat' dir='ltr'>naturalibus</span> <span class='ocrx_word' id='word_1_339' title='bbox 1130 2900 1266 2929; x_wconf 86' lang='lat' dir='ltr'>usum,</span> <span class='ocrx_word' id='word_1_340' title='bbox 1318 2888 1486 2923; x_wconf 85' lang='lat' dir='ltr'>videlicet</span> <span class='ocrx_word' id='word_1_341' title='bbox 1525 2900 1593 2922; x_wconf 89' lang='lat' dir='ltr'>non</span> <span class='ocrx_word' id='word_1_342' title='bbox 1632 2888 1734 2922; x_wconf 74' lang='lat' dir='ltr'>niodo</span> <span class='ocrx_word' id='word_1_343' title='bbox 1774 2889 1816 2922; x_wconf 91' lang='lat' dir='ltr'>id</span> 
     </span>
     <span class='ocr_line' id='line_1_41' title="bbox 183 2947 1818 2993; baseline 0 -12"><span class='ocrx_word' id='word_1_344' title='bbox 183 2948 292 2992; x_wconf 90' lang='lat' dir='ltr'>quod</span> <span class='ocrx_word' id='word_1_345' title='bbox 328 2949 410 2989; x_wconf 85' lang='lat' dir='ltr'>est,</span> <span class='ocrx_word' id='word_1_346' title='bbox 450 2959 575 2982; x_wconf 85' lang='lat' dir='ltr'>verum</span> <span class='ocrx_word' id='word_1_347' title='bbox 613 2948 721 2982; x_wconf 85' lang='lat' dir='ltr'>etiam</span> <span class='ocrx_word' id='word_1_348' title='bbox 760 2948 804 2982; x_wconf 87' lang='lat' dir='ltr'>id</span> <span class='ocrx_word' id='word_1_349' title='bbox 849 2960 929 2993; x_wconf 88' lang='lat' dir='ltr'>quo</span> <span class='ocrx_word' id='word_1_350' title='bbox 969 2950 1051 2989; x_wconf 87' lang='lat' dir='ltr'>est,</span> <span class='ocrx_word' id='word_1_351' title='bbox 1100 2948 1166 2982; x_wconf 80' lang='lat' dir='ltr'>hoo</span> <span class='ocrx_word' id='word_1_352' title='bbox 1213 2947 1354 2982; x_wconf 81' lang='lat' dir='ltr'>nomine</span> <span class='ocrx_word' id='word_1_353' title='bbox 1393 2950 1661 2993; x_wconf 83' lang='lat' dir='ltr'>nuncupari...</span> <span class='ocrx_word' id='word_1_354' title='bbox 1690 2947 1818 2992; x_wconf 88' lang='lat' dir='ltr'>quibus</span> 
     </span>
     <span class='ocr_line' id='line_1_42' title="bbox 183 3007 1819 3052; baseline -0.001 -11"><span class='ocrx_word' id='word_1_355' title='bbox 183 3007 273 3048; x_wconf 83' lang='lat' dir='ltr'>(scil.</span> <span class='ocrx_word' id='word_1_356' title='bbox 299 3007 637 3051; x_wconf 81' lang='lat' dir='ltr'>comparationibus)</span> <span class='ocrx_word' id='word_1_357' title='bbox 675 3009 711 3041; x_wconf 88' lang='lat' dir='ltr'>et</span> <span class='ocrx_word' id='word_1_358' title='bbox 749 3007 842 3052; x_wconf 89' lang='lat' dir='ltr'>quod</span> <span class='ocrx_word' id='word_1_359' title='bbox 878 3010 934 3042; x_wconf 87' lang='lat' dir='ltr'>est</span> <span class='ocrx_word' id='word_1_360' title='bbox 969 3010 1005 3041; x_wconf 87' lang='lat' dir='ltr'>et</span> <span class='ocrx_word' id='word_1_361' title='bbox 1043 3019 1110 3051; x_wconf 90' lang='lat' dir='ltr'>quo</span> <span class='ocrx_word' id='word_1_362' title='bbox 1150 3010 1214 3047; x_wconf 85' lang='lat' dir='ltr'>est,</span> <span class='ocrx_word' id='word_1_363' title='bbox 1256 3007 1288 3040; x_wconf 90' lang='lat' dir='ltr'>id</span> <span class='ocrx_word' id='word_1_364' title='bbox 1323 3009 1379 3041; x_wconf 81' lang='lat' dir='ltr'>est</span> <span class='ocrx_word' id='word_1_365' title='bbox 1424 3010 1469 3041; x_wconf 85' lang='lat' dir='ltr'>et</span> <span class='ocrx_word' id='word_1_366' title='bbox 1494 3007 1750 3042; x_wconf 84' lang='lat' dir='ltr'>subsistens</span> <span class='ocrx_word' id='word_1_367' title='bbox 1778 3009 1819 3040; x_wconf 91' lang='lat' dir='ltr'>et</span> 
     </span>
     <span class='ocr_line' id='line_1_43' title="bbox 182 3066 1150 3111; baseline 0.001 -11"><span class='ocrx_word' id='word_1_368' title='bbox 182 3066 494 3108; x_wconf 81' lang='lat' dir='ltr'>subsistentia,</span> <span class='ocrx_word' id='word_1_369' title='bbox 522 3066 651 3100; x_wconf 83' lang='lat' dir='ltr'>iterata</span> <span class='ocrx_word' id='word_1_370' title='bbox 676 3066 939 3110; x_wconf 83' lang='lat' dir='ltr'>significatione</span> <span class='ocrx_word' id='word_1_371' title='bbox 965 3067 1150 3111; x_wconf 85' lang='lat' dir='ltr'>repetitur.</span> 
     </span>
    </p>
   </div>
   <div class='ocr_carea' id='block_1_14' title="bbox 324 3124 1182 3167">
    <p class='ocr_par' dir='ltr' id='par_1_18' title="bbox 324 3124 1182 3167">
     <span class='ocr_line' id='line_1_44' title="bbox 324 3124 1182 3167; baseline 0 -7"><span class='ocrx_word' id='word_1_372' title='bbox 324 3124 338 3143; x_wconf 71' lang='lat'>4</span> <span class='ocrx_word' id='word_1_373' title='bbox 366 3125 410 3161; x_wconf 87' lang='lat' dir='ltr'>cf.</span> <span class='ocrx_word' id='word_1_374' title='bbox 438 3125 683 3160; x_wconf 85' lang='lat' dir='ltr'>Gilbertum</span> <span class='ocrx_word' id='word_1_375' title='bbox 710 3125 777 3160; x_wconf 90' lang='lat' dir='ltr'>PL.</span> <span class='ocrx_word' id='word_1_376' title='bbox 805 3126 860 3167; x_wconf 88' lang='lat'>64,</span> <span class='ocrx_word' id='word_1_377' title='bbox 890 3126 990 3167; x_wconf 80' lang='lat'>1256,</span> <span class='ocrx_word' id='word_1_378' title='bbox 1021 3126 1121 3160; x_wconf 80' lang='grc'>1257.</span> <span class='ocrx_word' id='word_1_379' title='bbox 1180 3151 1182 3155; x_wconf 87' lang='grc'><strong>-</strong></span> 
     </span>
    </p>
   </div>
  </div>
 </body>
</html>
