2106 3453
266 1056 297 1080 10

268 1440 298 1464 15

268 1818 301 1842 20

300 267 304 268 ⁷
317 255 360 288 40
369 253 384 270 *
908 253 1111 288 Sententiae
1138 253 1351 287 divinitatis.

314 358 368 398 ab
402 370 464 407 eo,
500 357 613 409 quod
649 357 809 396 bonum
844 360 948 406 erat,
983 356 1083 397 dicit
1118 357 1478 408 Augustinusl,
1513 357 1684 406 scilicet,
1719 359 1765 396 ut
1798 359 1938 396 osten-

315 434 447 482 deret,
482 434 691 485 quantum
726 433 885 473 bonurn
923 435 1033 473 esset
1066 433 1376 482 oboedientiae,
1411 433 1444 473 si
1478 433 1517 473 in
1551 447 1600 474 ea
1622 432 1938 484 permansisset.

316 510 375 550 Ex
409 523 458 550 eo
502 509 614 549 enim
650 509 754 557 loco,
799 509 838 549 in
874 522 958 560 quo
993 512 1097 557 erat,
1132 509 1283 550 merito
1317 510 1407 549 eius
1440 509 1496 550 ad
1532 508 1939 559 contemplationem

315 585 504 626 divinam
564 585 782 626 transferri
837 585 1094 626 merebatur.
1176 585 1363 637 Ideoque
1416 586 1578 625 bonum
1620 584 1850 636 prohibuit,
1897 585 1942 622 ut

316 661 575 710 ostenderet,
609 674 693 700 non
728 663 894 702 tantum
931 661 1043 702 mala
1078 662 1222 702 omnia
1249 660 1339 701 sine
1367 661 1653 714 prohibitione
1686 660 1830 711 aliqua
1852 672 1943 699 esse

316 737 610 788 relinquenda,
645 736 718 776 scd
754 739 794 776 et
827 737 970 776 onmia
1004 737 1118 777 bona
1151 750 1236 777 non
1272 750 1364 777 esse
1391 737 1601 785 l'acienda,
1636 738 1677 776 et
1709 749 1733 776 a
1767 735 1943 787 quibus-

317 814 415 853 dam
451 814 574 853 bonis
599 816 876 865 praeceptum
907 813 1217 862 oboedientiae,
1254 826 1305 854 ne
1333 814 1451 862 fiant,
1486 812 1803 860 abstinendum,
1837 811 1945 852 sicut

317 889 476 929 Paulus
520 888 730 940 praecipit
775 889 828 928 ab
874 888 1072 929 idolatria
1113 890 1116 940 Ι
1159 902 1303 930 coram
1351 889 1528 929 infirmis
1574 888 1801 936 abstinere,
1847 900 1944 927 cum

318 968 462 1006 tamen
496 966 656 1005 bonum
692 964 744 1004 sit
778 964 856 1004 illis
890 964 1128 1005 comedere.

462 1041 510 1081 Et
552 1041 610 1081 sic
648 1042 872 1092 peccatum
915 1040 1075 1092 aliquid
1110 1054 1202 1081 esse
1235 1040 1523 1089 concedimus,
1566 1039 1800 1081 secundum
1836 1039 1945 1079 hanc

318 1117 624 1166 definitionem,
669 1117 766 1158 licet
810 1116 980 1156 divinae
1013 1117 1250 1169 scripturae
1284 1117 1549 1157 consuetudo
1588 1116 1691 1157 nihil
1723 1117 1946 1168 peccatum

320 1206 411 1233 esse
455 1193 580 1233 dicat.
644 1192 729 1233 Sed
771 1192 853 1233 hoc
886 1205 1043 1233 nomen
1080 1195 1332 1243 ,peccatum‘
1369 1205 1456 1244 pro
1490 1191 1785 1233 substantia
1819 1190 1946 1241 signi-

319 1270 418 1311 ficat
457 1269 574 1309 illum
615 1271 757 1310 actum
802 1282 929 1321 quem
969 1269 1140 1321 proprie
1173 1272 1397 1321 peccatum
1433 1283 1525 1310 esse
1557 1269 1751 1317 dicimus,
1787 1270 1828 1309 et
1858 1280 1947 1319 pro

319 1346 580 1399 qualitate
614 1345 654 1385 id
688 1358 819 1385 unum
857 1347 920 1385 est
952 1348 1192 1397 peccatum,
1227 1345 1335 1386 sicut
1368 1344 1446 1386 hoc
1482 1357 1637 1385 nornen
1671 1344 1831 1385 malum
1867 1343 1948 1394 sig-

320 1423 463 1463 nificat
509 1422 549 1462 id
595 1421 710 1474 quod
752 1421 913 1461 malum
958 1424 1021 1461 est
1061 1435 1139 1473 pro
1172 1422 1427 1471 substantia,
1471 1424 1512 1461 et
1545 1421 1585 1462 id
1621 1434 1751 1461 unum
1787 1420 1946 1461 malum

321 1501 384 1539 est
416 1511 494 1550 pro
529 1497 750 1550 qualitate,
786 1497 944 1538 scilicet
978 1497 1154 1537 malitia.
1218 1497 1270 1537 Et
1303 1497 1361 1537 ita
1396 1510 1541 1538 verum
1577 1499 1663 1538 est:
1700 1496 1856 1536 Malum
1886 1498 1950 1536 est

321 1574 480 1626 aliquid
527 1574 613 1615 sive
659 1575 899 1625 peccatum,
945 1572 978 1613 si
1024 1573 1193 1613 dicatur
1235 1573 1287 1614 de
1325 1575 1423 1615 actu
1466 1573 1549 1623 illo,
1594 1586 1679 1625 quo
1721 1572 1816 1624 quis
1849 1572 1948 1623 agit,

321 1650 497 1703 quando
542 1652 710 1703 peccat;
759 1652 799 1690 et
841 1651 939 1690 tunc
983 1649 1083 1689 facit
1125 1649 1205 1690 hoc
1239 1662 1395 1690 nomen
1431 1649 1589 1689 malum
1628 1649 1691 1690 vel
1725 1650 1947 1700 peccatum

324 1727 362 1767 in
409 1726 666 1767 substantia.
731 1725 772 1766 Si
820 1725 998 1773 dicatur,
1044 1725 1205 1765 malum
1251 1725 1339 1766 sive
1384 1727 1606 1777 peccatum
1654 1724 1756 1764 nihil
1800 1726 1875 1773 est,
1910 1726 1952 1764 et

322 1802 489 1844 dicatur
539 1805 751 1854 quantum
797 1801 851 1842 ad
897 1801 961 1850 id,
1021 1802 1136 1854 quod
1181 1815 1259 1853 pro
1303 1801 1524 1854 qualitate,
1571 1801 1728 1842 scilicet
1773 1800 1949 1849 malitia,

324 1892 470 1920 verum
515 1881 594 1925 est;
644 1881 684 1918 et
726 1880 825 1918 tunc
869 1878 966 1919 facit
1014 1877 1092 1918 hoc
1136 1891 1292 1918 nomen
1338 1880 1562 1929 peccatum
1609 1878 1672 1918 vel
1717 1877 1874 1918 malum
1911 1876 1950 1916 in

323 1955 543 2008 qualitate.
612 1954 769 1995 Malitia
813 1954 922 1995 inter
964 1967 1114 1994 omnes
1157 1966 1223 1994 res
1264 1953 1365 1994 nihil
1413 1956 1488 2001 est,
1533 1967 1627 1994 cum
1672 1954 1725 1993 sit
1767 1952 1950 2005 privatio

324 2032 542 2080 bonitatiS,
577 2045 601 2072 a
634 2043 720 2083 qua
754 2030 857 2070 nihil
885 2030 1037 2082 privari
1073 2032 1227 2082 potest.
1292 2030 1406 2070 Licet
1440 2030 1552 2071 enim
1586 2032 1706 2070 actus
1740 2042 1824 2081 quo
1858 2028 1952 2081 quis

296 2111 486 2161 peccat,
521 2108 575 2148 ab
610 2120 659 2148 eo
694 2107 832 2147 malus
866 2107 931 2155 sit,
967 2106 1007 2146 id
1043 2109 1105 2147 est
1138 2109 1346 2158 quantum
1383 2106 1437 2146 ad
1465 2108 1662 2158 agentern
1697 2105 1840 2145 debito
1870 2105 1952 2144 fine

272 2582 306 2605 30

270 2203 285 2227 ε
324 2185 526 2237 privetur,
570 2187 714 2223 tamen
760 2185 969 2234 quantum
1014 2182 1068 2222 ad
1111 2185 1328 2223 auctorem
1373 2182 1509 2222 Deum
1554 2182 1624 2233 qui
1667 2181 1781 2221 malo
1823 2182 1953 2221 utitur

324 2262 366 2301 in
393 2262 569 2309 bonum,
602 2272 836 2311 numquam
871 2259 1120 2311 privabitur.
1174 2259 1387 2299 Permittit
1419 2258 1529 2298 enim
1554 2257 1815 2309 quandoque
1842 2257 1954 2297 Deus

325 2340 498 2379 sanctos
531 2349 723 2388 peccare,
769 2337 814 2375 ut
845 2337 943 2387 post
976 2335 1141 2386 lapsum
1178 2335 1318 2375 minus
1352 2335 1403 2375 de
1437 2334 1596 2374 viribus
1629 2335 1954 2386 praesumentes

326 2410 572 2454 humiliores
600 2412 703 2453 fiant
734 2414 772 2451 et
801 2411 842 2451 in
873 2411 1123 2451 liberatione
1151 2424 1299 2451 eorum
1328 2410 1549 2461 gloriosior
1576 2412 1786 2462 appareat
1810 2410 1954 2449 divina

327 2488 557 2530 miseratio.
622 2487 837 2527 Permittit
869 2486 1142 2527 damnandos
1167 2499 1358 2538 peccare,
1393 2489 1439 2527 ut
1466 2499 1541 2538 per
1569 2499 1717 2526 eorum
1745 2485 1951 2527 maiorem

327 2564 673 2606 excaecationem
710 2562 948 2604 mirabilior
980 2564 1190 2614 appareat
1218 2563 1291 2603 Dei
1319 2562 1492 2603 iustitia.
1546 2562 1596 2602 Et
1624 2562 1682 2603 ita
1716 2575 1862 2602 verum
1892 2564 1955 2602 est

472 2709 486 2741 1
517 2706 668 2749 scilicet]
697 2706 729 2739 id
758 2708 813 2740 est
838 2705 975 2739 scilicet
991 2707 1029 2738 Β.
1106 2705 1125 2737 2
1152 2707 1387 2749 permaneret.
1461 2705 1482 2737 4
1510 2707 1687 2738 mereatur
1702 2705 1742 2738 B.
1815 2704 1832 2736 7
1860 2715 1955 2747 prae-

327 2766 481 2812 ceptum]
510 2765 750 2811 paenitentiae
770 2767 809 2799 IJ'.
831 2770 953 2808 postea
981 2766 1143 2798 deletum.
1230 2764 1346 2797 fiatri.
1446 2764 1465 2797 9
1490 2769 1570 2806 post
1595 2763 1643 2796 sit
1668 2765 1750 2797 add.
1773 2764 1805 2796 H
1826 2765 1953 2797 actum.

330 2827 371 2860 13
400 2826 483 2860 illud
511 2828 552 2859 B.
650 2824 768 2868 quem]
796 2823 887 2868 quod
916 2825 956 2856 Β.
1056 2824 1100 2858 20
1127 2823 1299 2857 malitiam
1330 2825 1370 2857 B.

474 2974 480 2990 ¹
510 2975 680 3016 August
720 2975 918 3006 Eucti-ratio
947 2974 983 3005 in
1010 2973 1065 3005 Ps.
1096 2975 1147 3005 70.
1175 2982 1207 3005 n.
1236 2970 1266 3004 7.
1294 2969 1375 3012 (PL.
1403 2969 1459 3009 36,
1487 2969 1584 3009 897):
1616 2967 1693 3001 Non
1720 2967 1835 3012 potuit
1860 2967 1957 3001 Deus

328 3033 523 3078 perfectius
559 3032 811 3071 demonstrare,
849 3033 1019 3074 quantum
1056 3030 1103 3064 sit
1138 3029 1266 3063 bonum
1294 3028 1547 3068 oboedientiae,
1577 3027 1645 3061 nisi
1671 3038 1749 3060 cum
1777 3026 1957 3071 prohibuit

329 3093 372 3126 ab
399 3104 440 3126 ea
465 3103 502 3126 re
529 3103 618 3135 quae
644 3103 713 3124 non
739 3092 816 3124 era-t
842 3090 944 3124 mala.

1983 900 2002 924 f.

2023 899 2066 924 86.
