2106 3453
614 200 805 238 Tractatus
831 202 874 239 V.
926 203 977 239 De
1003 205 1249 242 sacramentis.
1657 208 1748 245 143*

116 305 370 355 committat,
401 307 707 358 paenitentiam
744 321 870 360 agere
903 312 978 351 aut
1010 310 1178 362 ignorat
1212 314 1286 352 aut
1321 312 1576 355 dissimulat.
1636 315 1747 365 Quid

114 380 226 420 enim
262 382 448 432 prodest,
495 383 527 423 si
562 386 739 435 peccata
770 385 963 426 luxuriae
998 386 1092 438 quis
1119 387 1276 428 defleat
1304 391 1345 429 et
1371 390 1512 430 adhuc
1539 393 1747 433 avaritiae

114 456 303 497 aestibus
337 457 548 499 anheletP‘
573 461 585 485 1

256 532 440 582 Quidam
485 534 580 575 huic
623 535 861 577 definitioni
903 536 1189 579 adhaerentes
1231 539 1395 580 dicunt:
1437 541 1481 581 Si
1514 546 1611 593 post
1643 556 1746 595 pae-

114 608 337 650 nitentiam
374 611 593 662 contingat
626 611 813 664 aliquem
849 612 1125 655 criminaliter
1151 628 1341 667 peccare,
1369 629 1455 657 non
1483 618 1617 659 valuit
1643 632 1745 671 pae-

112 683 291 725 nitentia
326 685 409 731 illa,
444 689 485 726 et
518 686 598 727 hoc
633 688 851 729 affirmant
899 690 1157 731 auctoritate
1192 691 1419 734 Isidoriff.
1485 694 1641 744 ,inanis
1682 700 1745 737 est

111 760 389 811 paenitentia,
424 775 552 814 quam
588 776 772 815 sequens
813 764 939 817 culpa
973 766 1291 808 commaculat.‘
1354 768 1472 810 Idem
1492 771 1529 807 3:
1581 771 1745 821 ,Irrisor

111 839 175 876 est
208 839 249 877 et
281 850 367 878 non
400 839 638 890 paenitens,
674 840 743 892 qui
778 841 836 882 sic
871 854 948 883 sua
981 845 1159 894 peccata
1187 843 1397 896 deplorat,
1432 848 1478 886 ut
1515 845 1598 887 alia
1627 860 1744 888 com-

110 911 281 953 mittatf
345 913 395 954 Et
428 914 640 956 Christus:
684 916 794 956 Vade
826 921 861 956 et
893 918 1073 971 amplius
1113 919 1199 959 noli
1231 933 1401 973 peceare
1444 921 1554 975 (Jolz-
1589 926 1627 975 ὅ,
1656 924 1742 977 14).

109 988 159 1027 Et
192 987 232 1028 in
268 989 539 1041 Apostolo:
586 991 841 1045 Impossibile
886 997 941 1033 est
986 1007 1062 1045 eos,
1108 996 1179 1048 qui
1222 996 1340 1036 semel
1386 998 1547 1038 caeleste
1590 999 1742 1040 (Ionum

107 1065 377 1117 ffecsz‘overiwt,
412 1079 561 1106 rursus
594 1069 785 1108 renovari
810 1083 889 1122 pet·
917 1071 1212 1122 paenitentictm
1249 1071 1393 1125 (Hebr.
1421 1076 1458 1125 (j,
1483 1074 1625 1128 4—0‘).
1693 1076 1741 1117 Et

108 1140 282 1182 alibi4:
331 1142 440 1190 ‚Non
482 1146 546 1183 est
584 1143 701 1184 locus
741 1145 956 1187 secundae
988 1147 1308 1198 paenitentiae‘.
1374 1149 1740 1201 Augustinus5:

110 1217 243 1264 ,Sicut
277 1218 427 1259 unicus
462 1221 525 1259 est
558 1220 813 1272 baptismus,
848 1222 906 1262 ita
940 1223 1065 1264 unica
1099 1226 1162 1264 est
1194 1224 1490 1276 paenitentiaf

248 1294 384 1346 Impia
427 1298 490 1335 est
533 1299 574 1336 et
623 1296 927 1339 immisericors
974 1299 1188 1341 sententia
1229 1300 1324 1342 ista.
1390 1301 1483 1342 Non
1528 1303 1740 1344 credimus

108 1370 241 1409 Deum
278 1369 486 1411 damnare
519 1372 706 1425 aliquem
753 1377 930 1427 propter
973 1375 1115 1417 futura
1157 1379 1348 1429 peecata,
1392 1391 1503 1429 quae
1545 1379 1737 1420 nondum

104 1446 330 1496 commisit,
364 1446 437 1487 sed
472 1450 640 1489 tantum
676 1451 920 1501 praesentia
955 1454 996 1491 et
1028 1453 1263 1503 praeterita
1297 1453 1470 1495 iudicat.

245 1523 544 1574 Quaeritur,
587 1525 626 1565 si
671 1526 950 1578 contingat
981 1531 1168 1579 postea
1201 1542 1311 1569 eum
1346 1543 1578 1582 peccare.
1641 1531 1738 1572 Non

103 1598 242 1639 minus
282 1600 458 1641 dimissa
501 1603 600 1641 sunt
644 1602 949 1654 praecedentia
992 1607 1273 1655 peccata,.et
1318 1619 1420 1647 vera
1465 1607 1543 1647 fuit
1588 1608 1738 1660 paeni-

102 1675 237 1716 tentia
270 1676 353 1726 illa,
389 1679 429 1718 et
461 1677 493 1717 si
529 1679 630 1718 tunc
665 1680 775 1719 esset
803 1682 1012 1729 mortuus,
1048 1680 1192 1721 salvus
1220 1684 1344 1723 esset.
1409 1682 1459 1722 Et
1486 1683 1568 1723 ista
1594 1683 1737 1724 littera

102 1749 256 1791 occidit
295 1765 381 1803 eos,
425 1753 496 1805 qui
539 1754 786 1806 simpliciter
825 1755 1118 1797 definitionem
1162 1757 1277 1799 illam
1319 1759 1577 1810 intelligunt:
1626 1760 1770 1800 Pae—2

101 1826 282 1868 nitentia
327 1831 406 1870 etc.
483 1829 567 1870 Sed
613 1830 889 1882 intelligenda
936 1834 1017 1873 est:
1070 1832 1342 1875 Paenitentia
1394 1836 1456 1874 est
1501 1836 1736 1886 praeterita

98 1906 276 1955 peccata
316 1904 418 1945 flere
462 1908 502 1946 et
543 1906 686 1947 flenda
726 1920 813 1947 non
848 1909 1132 1959 committere,
1176 1909 1217 1950 id
1252 1913 1315 1950 est
1348 1911 1389 1951 in
1425 1912 1649 1953 voluntate.
1694 1916 1736 1953 et

99 1981 320 2032 proposito
361 1983 657 2023 committendi
691 1986 792 2024 tunc
826 1997 911 2025 non
947 1998 1053 2027 esse.
1118 1986 1227 2037 Ergo
1273 1986 1307 2026 si
1353 1987 1589 2039 contingat,
1635 2002 1734 2029 eum

98 2058 249 2107 postea
282 2070 474 2109 peccare,
510 2071 594 2098 non
631 2062 694 2100 est
727 2061 925 2112 neganda
960 2062 1310 2113 praecedentium
1346 2066 1623 2115 peccatorum
1668 2078 1733 2105 re-

99 2132 260 2174 missio.
325 2134 573 2175 Auctoritas
607 2135 676 2175 illa
710 2136 918 2178 Isidori:
967 2138 1110 2178 Inanis
1145 2141 1209 2178 est
1240 2138 1506 2191 paenitentia
1540 2144 1633 2190 etc„
1674 2141 1732 2182 ita

97 2207 364 2259 intelligitur:
399 2210 543 2252 Inanis
576 2214 639 2252 est
673 2225 759 2252 non
793 2216 1003 2265 quantum
1033 2214 1087 2255 ad
1114 2215 1410 2255 remissionem
1439 2219 1730 2269 peccatorum,

96 2284 169 2324 sed
210 2288 422 2336 quantum
469 2287 523 2327 ad
566 2287 695 2329 vitam
744 2291 979 2330 aeternam.
1051 2290 1298 2332 Auctoritas
1342 2292 1600 2344 Apostoli:
1646 2293 1730 2333 Im-

93 2360 280 2412 possibile
322 2364 416 2409 etc„
457 2364 499 2402 et
539 2362 627 2404 illa:
674 2364 768 2405 Non
813 2368 876 2406 est
917 2366 1035 2406 locus
1068 2367 1284 2408 secundae
1321 2368 1627 2420 paenitentiae,
1669 2369 1730 2409 in-

95 2436 370 2487 telligendum
407 2440 488 2479 est:
523 2442 622 2491 post
656 2440 766 2482 hanc
800 2442 945 2483 vitam.

216 2513 288 2552 Vel
320 2526 550 2565 possumus
592 2516 744 2567 dicere,
791 2518 906 2570 quod
948 2519 1279 2570 paenitentia
1312 2520 1413 2561 alia
1446 2521 1648 2573 privata
1683 2524 1729 2562 et

95 2582 315 2639 occulta,
361 2590 461 2631 alia
506 2591 711 2652 publica
764 2597 809 2634 et
855 2595 1166 2636 sollemnisf’.
1251 2596 1426 2637 Privata
1472 2600 1514 2637 et
1559 2598 1727 2638 occulta

233 2722 256 2755 4
277 2728 358 2764 post
385 2722 506 2757 dicunt
533 2726 614 2760 add.
642 2724 672 2757 Β
697 2725 800 2769 quod.
903 2726 943 2760 12
971 2728 1007 2760 et
1033 2727 1185 2770 August.
1210 2728 1249 2761 B.
1351 2729 1393 2762 16
1421 2729 1469 2770 et]
1496 2730 1553 2763 vel
1578 2729 1617 2763 l)’.

237 2835 246 2852 ¹
273 2848 303 2870 c.
330 2837 360 2870 6.
389 2837 420 2871 d.
449 2838 480 2871 3.
509 2838 550 2872 de
578 2840 707 2883 paenit.
856 2839 868 2857 ²²
894 2852 923 2874 c.
954 2842 1005 2875 12.
1035 2841 1066 2875 d.
1093 2841 1125 2875 3.
1154 2842 1196 2875 de
1222 2843 1355 2886 paenit.

233 2893 245 2911 s
271 2896 333 2928 SS.
361 2895 397 2931 Ιι.
425 2908 453 2930 e.
481 2908 513 2941 p.
544 2897 668 2938 14903
697 2910 725 2932 c.
757 2899 795 2932 11
824 2899 856 2933 d.
885 2900 915 2933 3.
944 2900 986 2933 de
1013 2900 1145 2944 paenit.

232 2952 246 2970 4
274 2954 414 2988 Dictum
441 2955 603 2990 Grationi
631 2959 711 3001 post
737 2969 765 2994 c,
793 2958 849 2993 49.
878 2959 908 2994 cl,
937 2959 969 2993 3.
998 2959 1039 2993 de
1065 2971 1171 3004 paen;
1199 2961 1244 2995 cf.
1273 2972 1301 2994 c.
1329 2961 1385 2996 61.
1413 2962 1444 2996 d.
1473 2963 1528 2997 50.

233 3011 246 3030 ⁵
271 3025 300 3049 c.
327 3014 359 3047 2.
387 3014 418 3048 d.
446 3015 478 3049 3.
506 3015 548 3049 de
573 3017 705 3060 paenit.
850 3018 853 3019 ⁷

231 3070 245 3089 ‘³
271 3074 331 3106 SS.
359 3073 385 3106 L
424 3085 452 3107 c.
480 3085 514 3117 p.
545 3075 608 3109 150
627 3075 664 3109 Β.
718 3076 856 3110 Dictum
885 3077 1048 3112 Gratiani
1076 3081 1157 3123 post
1182 3091 1211 3113 c.
1239 3080 1294 3114 21.
1322 3080 1355 3114 d.
1384 3080 1415 3114 3.
1443 3080 1485 3114 de
1512 3082 1642 3125 paenit.

1766 1011 1797 1035 lo

1762 1390 1794 1413 15

1754 2151 1787 2177 25

1749 2537 1784 2561 30
