2106 3453
371 220 529 262 Analyse
551 220 616 253 der
635 220 697 255 SD
723 220 799 253 und
820 220 1010 255 Nachweis
1031 222 1097 254 der
1115 221 1310 255 benutzten
1331 222 1494 260 Quellen.
1705 220 1750 258 35

258 324 333 365 Die
378 324 600 365 Erbsi'mde
641 325 810 366 besteht
851 326 961 366 nach
1002 339 1177 366 unserm
1218 327 1357 367 Autor
1397 340 1486 367 nun
1527 327 1569 367 in
1610 327 1749 367 einem

118 402 349 454 doppelten
381 401 593 441 Moment:
643 401 720 441 wir
751 402 894 442 haben
928 416 1010 442 von
1043 403 1185 443 Adam
1218 404 1365 454 geerbt
1407 404 1473 443 die
1505 404 1749 456 Konkupis—

117 494 215 521 zenz
267 479 355 518 und
400 478 481 519 den
526 481 670 518 reatus
715 482 916 519 aeternae
960 493 1139 532 poenae.
1211 480 1487 530 ,Notandum,
1534 482 1650 533 quod
1695 482 1749 521 ab

116 558 257 598 Adam
302 558 527 608 peccatum
572 558 613 595 et
658 559 825 596 reatum
870 556 1151 606 traduximus,
1203 557 1311 598 sicut
1352 560 1393 598 et
1435 571 1603 610 corpus.
1672 558 1749 598 Hic

117 634 322 686 accipitur
364 635 589 684 peccatum
634 632 675 672 in
721 632 1028 683 significatione
1073 647 1252 685 poenae,
1313 647 1444 687 quam
1489 635 1639 674 vitium
1684 634 1750 675 vel

116 711 308 751 fomitem
340 709 615 749 nominamus
639 743 646 750 .
672 743 679 750 .
705 713 727 750 .‘
764 708 823 762 (S.
846 710 932 750 43*
965 710 1007 751 Z.
1034 710 1118 764 10).
1173 711 1259 751 Das
1287 714 1398 751 erste
1425 712 1616 752 Moment
1643 712 1750 751 wird

116 788 349 829 besonders
388 800 472 826 von
512 786 653 838 Hugo
686 800 782 827 von
816 786 883 828 St.
918 787 1096 827 Viktor
1134 787 1284 828 betont
1302 789 1329 839 1,
1370 789 1447 829 das
1485 789 1633 829 zweite
1666 802 1750 829 von

116 864 389 906 Alfium-(1⁸2.
446 864 531 904 Der
560 864 708 904 Grund
740 864 806 903 fiir
839 864 921 904 den
953 856 1183 916 Ubergang
1215 865 1290 906 der
1322 866 1545 906 Erbsuiide
1577 866 1676 917 liegt
1708 866 1750 906 in

117 943 192 983 der
235 942 312 982 mit
357 942 432 981 der
472 941 796 993 Konkupiszenz
839 941 1145 982 verbundenen
1186 942 1408 994 Zeugung:
1470 942 1750 993 ,Conveniens

117 1022 262 1060 autem
300 1019 389 1068 fuit,
433 1021 480 1058 ut
521 1018 629 1058 sicut
669 1018 819 1058 vitium
858 1019 1065 1059 inflictum
1103 1019 1180 1059 fuit
1219 1020 1268 1069 ei,
1312 1021 1413 1073 quia
1445 1021 1649 1073 peccavit,
1694 1021 1751 1062 sic

117 1099 158 1136 et
189 1096 313 1136 nobis
346 1108 422 1147 per
455 1095 844 1147 concupiscentiam
880 1095 933 1135 ab
967 1109 1017 1136 eo
1051 1096 1408 1137 descendentibus
1445 1098 1649 1138 inflictum
1684 1099 1749 1147 sit,

117 1174 218 1226 quia
244 1172 515 1225 peccavimus
548 1172 590 1212 in
623 1185 673 1212 eo
698 1206 705 1212 .
731 1206 738 1213 .
770 1176 791 1213 .‘
829 1172 888 1225 (S.
917 1173 1003 1212 44*
1036 1173 1078 1214 Ζ.
1108 1173 1195 1226 24).
1748 1228 1751 1230 ¹

258 1250 342 1290 Der
385 1249 605 1290 Verfasser
647 1249 824 1290 handelt
870 1249 1050 1290 alsdann
1095 1251 1201 1291 tiber
1242 1251 1308 1291 die
1341 1252 1639 1304 Nachlassung
1678 1253 1753 1293 der

117 1328 275 1377 Siiiide,
316 1326 620 1367 inshesondere
660 1327 735 1367 der
774 1327 1009 1368 Erbstinde.
1073 1328 1149 1368 Die
1182 1328 1391 1380 VVirkung
1430 1330 1505 1370 (191·
1536 1330 1571 1369 T
1576 1330 1671 1370 aufe
1710 1331 1748 1370 in

117 1405 253 1455 hezug
286 1403 361 1443 auf
390 1403 455 1443 die
482 1403 809 1456 Konkupiszenz
842 1404 1012 1444 hesteht
1045 1404 1180 1454 darin,
1216 1405 1300 1446 dal}
1333 1406 1448 1446 diese
1481 1407 1753 1458 geschwiicht

116 1481 205 1521 und
236 1481 354 1521 nicht
385 1481 508 1521 mehr
541 1481 603 1521 als
637 1480 783 1521 Si'mde
815 1481 1035 1534 imputiert
1067 1482 1187 1523 wird.
1238 1482 1500 1532 ,Remittitur
1532 1485 1642 1524 enim
1677 1498 1754 1537 per

118 1558 375 1599 sacramenti
407 1558 723 1610 susceptionem
756 1558 974 1611 baptizato
1008 1561 1233 1611 peccatum
1267 1560 1482 1611 originale,
1523 1561 1564 1601 id
1597 1564 1661 1602 est
1692 1562 1753 1602 vi-

116 1636 222 1676 tium
256 1648 333 1687 pro
366 1637 543 1687 peccato
576 1635 699 1675 Adae
731 1635 951 1682 inflictum,
994 1649 1081 1676 non
1120 1636 1222 1689 quin
1256 1637 1393 1687 duret⁷
1437 1639 1643 1690 quamdiu
1685 1639 1751 1679 hic

115 1713 246 1753 homo
292 1712 405 1761 vivit,
458 1712 533 1752 sed
574 1712 675 1765 quia
719 1715 986 1765 temperatur
1030 1715 1071 1753 et
1121 1716 1168 1754 ut
1213 1714 1430 1755 remissius
1482 1716 1611 1755 ardor
1655 1719 1753 1756 urat

117 1789 499 1842 concupiscentiae,
522 1789 798 1830 interciditur.
841 1790 965 1830 Unde
988 1790 1304 1841 Augustinus
1326 1792 1367 1831 in
1388 1792 1495 1832 libro
1519 1792 1571 1832 de
1592 1792 1752 1844 nuptiis

117 1869 158 1907 et
179 1866 529 1919 concupiscentiis
551 1866 674 1906 dicit:
715 1866 875 1915 „Huius
903 1867 1273 1919 concupiscentiae
1294 1871 1462 1908 reatum
1485 1869 1752 1920 regeneratio

117 1944 209 1984 sola
241 1943 426 1993 dimittit,
461 1956 593 1996 quam
626 1944 843 1995 generatio
876 1944 1037 1985 trahit.
1063 1978 1070 1985 .
1096 1947 1129 1985 .“
1190 1945 1298 1985 Dicit
1331 1946 1473 1995 etiam,
1509 1946 1626 1998 quod
1653 1959 1753 1986 con-

118 2021 379 2073 cupiscentia
411 2021 550 2060 carnis
582 2020 625 2060 in
657 2020 873 2072 baptismo
908 2021 1164 2071 remittatur,
1198 2034 1285 2061 non
1318 2024 1365 2062 ut
1391 2035 1478 2062 non
1505 2022 1570 2071 sit,
1606 2023 1681 2063 sed
1708 2026 1754 2062 ut

117 2098 159 2137 in
191 2100 416 2150 peccatum
448 2110 535 2137 non
569 2097 818 2149 imputetur‘
839 2099 854 2122 3
887 2096 947 2150 (S.
975 2098 1064 2138 47*
1096 2098 1139 2139 Ζ.
1172 2098 1256 2154 11).

255 2175 414 2215 Ferner
457 2174 565 2214 wird
609 2174 684 2214 der
728 2176 871 2214 reatus
916 2175 1238 2226 nachgelassen,
1285 2175 1324 2216 d.
1359 2175 1400 2216 h.
1443 2175 1520 2216 das
1560 2175 1752 2216 debitum

119 2254 319 2292 aeternae
353 2264 532 2304 poenae,
579 2251 667 2291 und
700 2264 815 2291 zwar
847 2251 923 2291 der
955 2254 1098 2292 reatus
1139 2252 1242 2293 aller
1274 2252 1463 2303 Sunden,
1510 2253 1641 2293 selbst
1679 2254 1754 2294 der

118 2328 402 2379 zuki'inftigen,
449 2328 636 2369 insofern
681 2328 743 2368 als
788 2328 855 2369 die
900 2328 1035 2369 Taufe
1080 2329 1146 2369 die
1184 2329 1532 2381 Voraussetzung
1577 2330 1643 2370 fur
1688 2331 1754 2371 die

118 2405 416 2457 Nachlassung
448 2405 523 2446 der
556 2405 732 2446 Si'mden
765 2405 822 2446 im
857 2405 1229 2447 Busssakramente
1262 2407 1327 2448 ist.

172 2470 174 2473 V
260 2482 365 2522 Zum
387 2482 547 2522 Schluss
575 2482 683 2522 wird
709 2482 820 2522 noch
848 2482 915 2522 die
935 2483 1071 2534 Frage
1096 2486 1297 2524 erortert:
1335 2484 1502 2533 ,Utrum
1529 2487 1754 2536 peccatum

120 2559 172 2599 sit
204 2559 246 2599 in
278 2562 426 2612 puero‘
470 2559 529 2613 (S.
553 2559 639 2600 50*
666 2559 707 2600 Ζ.
731 2559 789 2613 8).
852 2559 928 2600 Die
961 2560 1235 2611 Verneinung
1268 2560 1406 2601 dieser
1437 2561 1573 2612 Frage
1606 2561 1754 2601 wurde

262 2721 273 2739 ¹
300 2724 354 2756 De
379 2733 531 2755 sacram.
551 2723 574 2754 1.
597 2723 625 2754 Ι.
647 2723 779 2762 p.V11.
801 2732 829 2754 9.
852 2724 894 2754 26
924 2724 973 2762 (p.
990 2724 1056 2753 298
1074 2723 1135 2762 B);
1171 2723 1213 2754 cf.
1235 2723 1290 2756 SS
1308 2724 1377 2763 ΙΙΙ,
1401 2725 1454 2764 10,
1478 2724 1517 2754 11
1554 2724 1602 2763 (p.
1620 2725 1684 2754 105
1701 2724 1753 2764 ff).

263 2791 275 2810 ²
302 2795 373 2825 Der
398 2796 531 2825 neunte
559 2795 624 2825 der
649 2794 688 2824 in
716 2794 803 2826 Sens
831 2794 1069 2825 verurteiIten
1097 2794 1198 2826 Stitze
1225 2795 1285 2825 Ab
1297 2794 1450 2826 alards
1476 2795 1606 2825 lautet:
1637 2794 1754 2834 ,Quod

120 2862 194 2883 non
210 2853 461 2884 contraximus
475 2853 623 2892 culpam
638 2862 682 2884 ex
698 2853 827 2893 Adam,
849 2854 910 2884 sed
926 2862 1082 2892 poenam
1098 2853 1263 2884 tantum.⁴
1291 2854 1325 2884 M
1336 2854 1449 2894 ansi,
1472 2865 1503 2886 α.
1518 2866 1549 2886 (ι.
1566 2854 1603 2886 0.
1626 2854 1658 2885 S.
1676 2855 1753 2885 568.

264 2921 276 2939 ³
302 2924 344 2955 cf.
372 2924 426 2956 SS
450 2924 519 2964 III,
542 2925 581 2954 11
620 2924 668 2963 (p.
698 2926 762 2955 107
781 2925 844 2963 B):
887 2925 968 2965 ,Sed
996 2927 1034 2955 ut
1062 2924 1150 2955 dicit
1176 2924 1411 2965 Augustinus,
1452 2925 1535 2956 licet
1567 2927 1756 2956 remaneat

122 2983 415 3022 concupiscentia
442 2986 522 3022 post
546 2983 782 3024 baptismum,
810 2993 883 3014 non
910 2986 1030 3014 tamen
1058 2984 1104 3014 ad
1132 2986 1285 3024 reatum,
1327 2984 1414 3023 quia
1441 2984 1507 3024 his,
1546 2985 1608 3023 qui
1637 2984 1754 3015 renati

121 3045 214 3082 sunt,
242 3051 315 3072 non
342 3042 566 3081 imputatur;
595 3043 656 3073 sed
684 3043 752 3073 1109
778 3046 829 3073 est
855 3042 989 3073 remitti
1017 3043 1198 3082 originale
1225 3046 1425 3083 peccatum,
1454 3052 1526 3073 11011
1554 3042 1754 3082 imputari.‘

1550 3108 1614 3147 3ss
