2106 3453
464 223 655 264 Tractatus
684 224 741 264 l'V.
794 223 844 264 De
871 232 1094 265 sacramento
1123 227 1384 267 incarnationis.
1673 226 1743 267 61*

111 333 272 374 veluti1
306 346 403 374 cum
437 333 519 374 mel
552 336 594 374 et
626 346 739 386 aqua
780 334 1045 376 commixtim
1087 334 1291 385 funditur⁷
1338 338 1539 376 neutrum
1583 338 1742 385 manet,

111 409 211 461 quia
245 422 385 462 neque
418 409 500 450 11191
534 410 690 459 retinet
722 423 816 451 esse
848 410 945 460 11191,
980 423 1121 463 neque
1153 423 1267 463 aqua
1301 411 1455 452 retinet
1489 424 1581 452 esse
1614 424 1742 463 aqua,

109 485 184 525 sed
217 484 399 525 alterum
440 485 615 526 alterius
656 486 930 538 copulatione
969 488 1217 538 corruptum
1261 486 1468 539 quiddam
1511 487 1627 539 quod
1670 500 1743 527 ne-

109 561 195 601 scio
229 561 401 601 tertium
438 560 549 611 facit⁷
590 561 706 613 quod
749 574 827 603 nec
869 564 932 602 est
974 561 1055 602 mel
1100 574 1240 613 neque
1286 574 1413 614 aqua,
1460 562 1534 602 sed
1583 575 1632 603 ex
1678 562 1743 602 his

109 636 314 689 quiddam
351 649 497 686 unum,
532 637 647 689 quod
683 650 731 678 ex
766 637 958 690 utrisque
991 637 1088 678 licet
1120 637 1308 678 confusis
1341 640 1540 680 constare
1574 638 1740 687 dicitur,
1763 658 1778 681 ε,

109 712 150 752 111
184 712 375 764 utrisque
415 714 615 754 constare
648 715 841 764 negatur,
882 713 1234 766 quandoquidem
1269 716 1553 766 utrorumque
1586 717 1741 755 natura

107 800 193 828 non
230 790 468 840 permanet.

250 863 476 913 Quaedam
523 877 623 904 vero
670 864 907 916 iunguntur
950 877 1026 916 per
1071 865 1443 917 compositionem,
1490 878 1541 905 ex
1586 865 1742 918 quibus

108 939 313 992 quiddam
350 940 520 980 tertium
557 939 763 990 redditur,
797 943 844 981 ut
871 941 1017 981 anima
1051 944 1091 981 et
1118 954 1275 993 corpus
1303 941 1342 981 in
1372 941 1558 991 homine,
1587 954 1739 982 aurum

108 1019 150 1056 et
183 1017 408 1067 argentum
444 1018 485 1056 et
525 1028 722 1065 gemmae
761 1016 801 1056 in
850 1029 1010 1058 corona
1029 1019 1055 1058 ²¹.
1119 1016 1237 1058 Haec
1281 1017 1391 1057 enim
1441 1020 1618 1058 manent
1667 1030 1745 1057 nec

107 1091 255 1144 aliquo
289 1091 418 1132 modo
452 1094 678 1132 vertuntur
710 1092 751 1132 in
786 1092 1056 1141 alterutrum,
1091 1092 1166 1133 sed
1199 1105 1276 1133 nec
1310 1105 1442 1133 unum
1479 1093 1518 1132 in
1561 1093 1743 1133 alterum

108 1182 185 1209 nec
228 1169 267 1208 in
312 1182 358 1209 se
390 1168 585 1210 invicem.
651 1168 825 1210 Corona
864 1169 1076 1221 siquidem
1124 1182 1172 1209 ex
1218 1182 1324 1210 auro
1370 1172 1409 1209 et
1455 1169 1636 1219 gemmis
1681 1171 1745 1210 est

250 1318 265 1351 1
292 1322 371 1360 post
406 1328 498 1361 aqua
533 1319 616 1353 add.
642 1319 671 1350 Β
697 1318 800 1362 quod.
898 1318 1130 1352 commixtum
1152 1320 1193 1353 R.
1304 1319 1326 1351 4
1353 1318 1480 1362 neque]
1519 1330 1583 1351 1190
1619 1320 1674 1352 est
1702 1319 1743 1363 Β,

108 1376 198 1409 5-6
224 1378 321 1409 stare
343 1379 385 1410 Α.
502 1378 521 1410 5
548 1382 626 1420 post
664 1376 794 1411 dicitur
828 1379 910 1413 (cdd.
940 1379 971 1411 B
997 1377 1070 1413 sed.
1185 1377 1226 1410 10
1262 1377 1362 1418 haec]
1400 1377 1465 1411 1100
1483 1381 1523 1413 A.

250 1503 260 1520 ¹
289 1503 517 1543 Boethius,
548 1505 654 1538 Liber
674 1506 715 1537 de
733 1516 887 1547 persona
910 1510 938 1538 et.
959 1505 1097 1538 duabus
1117 1507 1262 1538 natm-1⁸3
1282 1516 1310 1538 0.
1329 1504 1376 1538 Vl
1400 1503 1481 1546 (PL.
1495 1504 1550 1545 64,
1570 1503 1660 1538 1350
1676 1506 1739 1545 [)):

107 1562 228 1597 Veluti
264 1575 342 1597 011111
381 1564 451 1597 11191
488 1575 600 1608 aquae
634 1564 873 1602 confunditur,
922 1566 1087 1598 neutrum
1124 1566 1254 1604 manet,
1304 1563 1365 1597 sed
1405 1563 1555 1597 alterum
1595 1564 1744 1598 alterius

108 1622 333 1667 copulatione
355 1625 577 1671 corruptum
597 1623 765 1667 quiddam
786 1623 931 1657 tertium
960 1623 1065 1657 fecit:
1094 1623 1145 1657 ita
1166 1622 1251 1656 illud
1279 1623 1433 1667 quidem,
1455 1623 1547 1667 quod
1570 1634 1614 1656 ex
1640 1623 1744 1657 melle

107 1684 213 1725 atque
240 1693 333 1726 aqua
367 1682 512 1716 tertium
546 1682 595 1722 fit,
634 1685 798 1716 constare
838 1695 882 1716 ex
908 1683 1072 1726 utrisque
1099 1682 1239 1722 dicitur,
1279 1682 1312 1716 in
1340 1682 1502 1726 utrisque
1529 1693 1613 1716 vero
1641 1694 1744 1725 nega-

107 1743 182 1774 tur:
222 1753 289 1774 non
328 1741 419 1775 enim
448 1741 579 1786 poterit
616 1742 650 1775 in
677 1743 838 1786 utrisque
876 1744 1052 1781 constare,
1080 1741 1220 1786 quando
1246 1743 1477 1785 utrarumque
1513 1743 1641 1775 natura
1676 1746 1743 1774 11011

107 1802 304 1844 permanet.
366 1800 617 1841 Gilbertus,
643 1801 664 1834 1.
693 1812 721 1835 0.
752 1801 858 1835 1401:
914 1800 1031 1834 Veluti
1066 1812 1143 1834 cum
1178 1800 1248 1834 mel
1275 1812 1388 1844 aquae
1416 1801 1574 1834 iunctum
1602 1801 1745 1834 confun-

102 1859 212 1896 ditur.
252 1862 414 1893 neutrum
454 1864 585 1900 manet,
626 1860 659 1893 id
698 1862 754 1893 est
779 1871 893 1904 neque
929 1860 998 1894 mel
1024 1860 1157 1894 retinet
1184 1871 1262 1893 esse
1290 1859 1369 1900 mel,
1406 1871 1520 1904 neque
1547 1871 1640 1904 aqua
1666 1871 1744 1893 esse

106 1930 215 1962 aqua3
243 1918 305 1952 sed
332 1918 482 1953 alterum
511 1919 659 1953 alterius
685 1918 910 1963 copulatione
936 1921 1139 1963 corruptum
1168 1918 1335 1963 quiddam
1364 1919 1466 1963 quasi
1494 1919 1614 1953 nescio
1643 1919 1744 1953 cuius

106 1978 258 2012 nominis
284 1979 429 2012 tertium
458 1978 554 2012 fecit.
606 1978 705 2020 Quod
734 1990 774 2012 ac
801 1979 830 2012 si
857 1978 964 2020 dicat,
1000 1990 1114 2023 neque
1151 1980 1207 2012 est
1233 1978 1302 2011 mel
1329 1990 1443 2022 neque
1471 1990 1572 2023 aqua,
1609 1978 1672 2012 sed
1698 1990 1743 2012 ex

104 2036 161 2071 liis
186 2037 354 2081 quiddam
380 2049 498 2074 unum.
552 2039 668 2082 Atque
694 2038 755 2076 ita,
783 2037 849 2072 1100
875 2040 931 2072 est
950 2037 1144 2072 secundum
1165 2037 1257 2071 hanc
1278 2037 1464 2079 rationem,
1494 2037 1580 2072 illud
1601 2037 1743 2082 quidem

105 2096 198 2140 quod
234 2109 277 2131 ex
315 2096 418 2131 melle
455 2099 561 2142 atque
596 2109 688 2142 aqua
723 2097 868 2131 tertium
905 2097 955 2137 fit,
984 2097 1113 2131 dicitur
1139 2097 1182 2131 ab
1210 2096 1281 2131 illis
1307 2109 1352 2131 ex
1378 2096 1541 2141 utrisque
1567 2099 1742 2137 constare,

103 2156 137 2190 in
166 2157 325 2201 utrisque
363 2168 448 2190 vero
475 2158 696 2200 negatur...
720 2156 1005 2201 quandoquidem
1034 2158 1162 2190 natura
1188 2159 1422 2201 utrorumque
1450 2168 1518 2190 non
1546 2159 1741 2200 permanet.

249 2215 261 2233 ‘²
288 2216 500 2250 Boethius
527 2216 565 2250 L.
592 2228 621 2252 0.
649 2228 680 2261 p.
712 2216 869 2251 135113:
923 2215 1025 2250 Alter
1057 2228 1141 2250 vero
1174 2215 1300 2250 modus
1327 2218 1382 2250 est
1408 2228 1453 2249 ex
1476 2215 1638 2259 utrisque
1664 2227 1742 2249 con-

105 2275 267 2316 sistendi,
304 2275 396 2319 quod
432 2276 482 2309 ita
518 2287 562 2309 ex
597 2274 733 2309 duabus
760 2275 917 2309 iunctum
944 2277 1011 2314 est,
1048 2276 1087 2309 ut
1113 2274 1174 2309 illa
1200 2277 1330 2315 tamen,
1359 2287 1403 2309 ex
1430 2274 1558 2319 quibus
1584 2274 1742 2308 iunctum

107 2346 185 2369 esse
219 2335 358 2375 dicitur,
385 2337 566 2375 maneant,
603 2346 667 2369 nec
704 2334 739 2368 in
775 2334 949 2368 alterutra
984 2336 1181 2373 vertantur,
1222 2336 1261 2368 ut
1293 2346 1373 2368 cum
1401 2334 1551 2368 dicimus
1577 2345 1741 2368 coronam

106 2406 150 2427 ex
187 2405 270 2428 auro
307 2397 342 2427 et
377 2394 529 2438 gemmis
565 2394 809 2437 compositam.
873 2393 941 2427 Hic
976 2405 1091 2438 neque
1128 2404 1251 2427 aurum
1278 2393 1314 2427 in
1340 2404 1503 2437 gemmas
1527 2392 1742 2427 translatum

109 2455 172 2493 est,
210 2465 323 2498 neque
359 2453 392 2487 in
430 2465 553 2487 aurum
590 2464 732 2496 gemma
764 2464 946 2494 conversa,
986 2453 1048 2487 sed
1075 2455 1226 2497 utraque
1252 2454 1474 2497 permanent,
1500 2464 1565 2486 nec
1591 2452 1741 2486 formam

105 2513 283 2557 propriam
321 2513 581 2557 derelinquunt.
633 2512 735 2546 Talia
772 2524 856 2556 ergo
893 2524 937 2546 ex
977 2511 1155 2556 aliquibus
1193 2507 1397 2546 constantia
1435 2512 1470 2545 in
1497 2511 1553 2545 his
1579 2513 1743 2546 constare

108 2571 272 2612 dicimus,
300 2583 344 2605 ex
371 2571 500 2616 quibus
526 2571 723 2605 consistere
749 2570 1017 2615 praedicantum
1046 2573 1129 2605 tunc
1167 2571 1259 2604 'enim
1287 2582 1478 2615 possumus
1504 2570 1621 2605 dicere
1650 2582 1743 2605 coro-

106 2641 186 2664 nam
208 2631 360 2674 gemmis
381 2642 536 2675 auroque
557 2631 771 2666 consistere:
798 2633 882 2665 sunt
903 2631 995 2664 enim
1016 2642 1179 2673 gemmae
1199 2632 1307 2674 atque
1323 2642 1446 2665 aurum
1467 2629 1596 2674 quibus
1615 2642 1744 2664 corona

106 2689 290 2725 consistat.
343 2689 589 2731 Gilbertus,
626 2690 663 2725 L.
691 2702 721 2724 c.
747 2701 781 2734 p.
811 2690 900 2725 1402
927 2689 974 2723 C:
1022 2689 1070 2724 Ut
1103 2701 1180 2724 cum
1216 2689 1367 2724 dicimus
1393 2701 1559 2724 coronam
1587 2701 1630 2723 ex
1658 2701 1742 2723 auro

110 2749 335 2793 gemmisque
361 2748 593 2793 compositam
682 2748 739 2782 1110
766 2748 872 2790 9111111,
899 2747 965 2782 1100
992 2750 1049 2782 est
1074 2748 1108 2782 in
1135 2760 1274 2790 corona,
1303 2760 1416 2793 neque
1442 2760 1566 2782 aurum
1594 2749 1628 2782 in
1649 2760 1743 2792 gem-

105 2819 183 2841 mas
208 2808 422 2842 translatum
450 2810 505 2842 est
531 2819 645 2852 neque
666 2819 808 2851 gemma
834 2808 870 2842 in
898 2819 1021 2841 aurum
1042 2819 1232 2850 conversa;
1260 2808 1320 2842 sed
1349 2810 1500 2851 utraque
1521 2809 1741 2851 permanent,

106 2866 198 2910 quod
237 2869 350 2908 erant,
387 2869 579 2911 antequam
617 2866 720 2901 fieret
758 2879 801 2900 ex
838 2867 890 2901 eis
928 2878 1066 2901 corona.
1096 2878 1128 2911 p.
1158 2866 1311 2902 1403A:
1359 2866 1461 2900 Talia
1500 2878 1585 2910 ergo
1612 2878 1657 2900 ex
1683 2865 1743 2900 ali-

106 2926 234 2970 quibus
260 2927 462 2961 constantia
488 2939 557 2960 non
584 2927 696 2961 solum
725 2938 770 2960 ex
798 2926 869 2961 illis
896 2926 957 2960 sed
986 2929 1021 2961 et
1047 2927 1081 2960 in
1109 2926 1182 2960 illis
1207 2928 1372 2960 constare
1400 2925 1562 2967 dicimus,
1599 2937 1643 2959 ex
1670 2925 1741 2969 qui-

106 2984 171 3018 bus
198 2985 394 3020 consistere
421 2985 684 3030 praedicantur.
735 2985 834 3020 Tunc
854 2986 959 3026 enirn,
995 2985 1062 3020 hoc
1083 2988 1148 3027 est,
1175 2986 1204 3019 si
1232 2985 1267 3019 in
1288 2985 1366 3029 ipsa
1392 2985 1647 3029 compositione
1673 2997 1741 3018 non

106 3046 390 3088 corrumpuntur,
430 3044 491 3079 sed
529 3045 687 3079 retinent
723 3056 812 3087 esse,
852 3045 944 3089 quod
984 3047 1096 3086 erant,
1136 3055 1325 3089 possumus
1364 3043 1480 3077 dicere
1515 3055 1679 3078 coronam
1707 3044 1741 3078 in

107 3103 258 3146 gemmis
285 3115 439 3148 auroque
466 3104 671 3138 consistere.
723 3104 893 3138 Geminae
920 3104 1012 3137 enim
1035 3107 1118 3137 sunt
1138 3115 1299 3147 gemmae
1327 3104 1434 3147 atquc
1456 3115 1580 3137 aurum
1607 3114 1741 3139 aurum.

1766 1030 1798 1054 lo
