2106 3453
536 253 725 288 Tractatus
752 253 812 288 VI.
862 253 913 288 De
941 253 1130 289 divinitate
1155 256 1191 289 et
1216 254 1402 289 Trinitate.
1696 254 1787 290 165*

300 355 339 395 3.
386 356 452 396 De
496 357 730 408 personis
771 356 863 398 hoc
908 358 955 398 in
1001 358 1112 399 loco
1158 358 1430 399 videndum
1477 361 1570 410 est,
1617 361 1783 400 utrum

158 431 257 472 sint
301 433 543 484 aequales
591 434 666 474 vel
712 435 1090 487 inaequaeles1.
1155 436 1240 477 Sed
1287 435 1486 477 videntur
1531 436 1783 490 inaequales

156 509 392 549 secundum
432 510 513 551 1100
553 511 668 563 quod
708 512 748 552 in
791 512 919 553 Patre
965 515 1030 554 est
1069 513 1304 555 auctoritas
1346 516 1387 554 et
1426 517 1489 555 est
1527 514 1782 567 principium

154 585 389 627 Trinitatis.
454 587 537 628 Dat
570 589 682 628 enim
722 601 815 629 esse
849 589 953 630 Filio
987 593 1028 631 et
1061 590 1238 642 Spiritui
1277 593 1440 632 sancto.
1508 592 1576 632 Sic
1617 592 1784 633 videtur

13 663 282 704 f.107v0.Pater
322 664 460 704 maior
498 664 616 706 Filio.
681 665 766 707 Sed
804 679 890 707 non
931 667 1136 719 sequitur.
1201 667 1311 709 Nam
1344 668 1574 709 Hilarius
1615 671 1618 721 j
1661 669 1780 710 dicit:

154 739 296 789 ,Pater
328 741 387 781 sic
420 746 484 781 est
517 742 654 783 maior
686 743 804 793 FiliO,
851 744 966 796 quod
1001 744 1130 785 Filius
1163 758 1250 785 non
1284 749 1348 786 est
1381 745 1520 786 minor
1553 749 1632 787 eo.L
1696 746 1782 788 Sed

152 818 268 869 quod
301 818 385 858 sint
425 819 641 871 aequales,
685 820 908 861 evidenter
948 821 1029 862 hac
1069 822 1237 863 ratione
1268 823 1500 874 probatur:
1564 823 1781 865 Personae

151 897 248 935 sunt
282 898 538 937 coaeternae
571 899 612 937 et
654 898 923 949 coaequales,
989 898 1104 940 Haec
1145 901 1292 940 autem
1332 900 1573 952 aequalitas
1615 900 1779 953 praedi-

151 974 272 1013 catur
304 973 539 1013 secundum
575 974 860 1024 divinitatem,
908 988 1019 1028 quae
1051 976 1161 1017 sicut
1193 977 1319 1029 plena
1354 979 1394 1017 et
1427 977 1591 1029 integra
1634 980 1697 1019 est
1738 979 1779 1018 in

149 1048 290 1099 Patre,
334 1050 392 1090 ita
434 1050 474 1089 in
510 1050 614 1090 Filio
647 1053 689 1091 et
721 1051 883 1104 Spiritu
916 1055 1085 1102 sancto;
1130 1067 1214 1094 non
1255 1055 1491 1096 secundum
1525 1055 1778 1096 relationem

150 1139 342 1178 unquam
384 1126 512 1167 Filius
550 1127 668 1169 Patri
706 1129 912 1181 aequalis.
976 1130 1020 1170 Si
1060 1130 1194 1172 dicas:
1234 1131 1365 1182 Igitur
1402 1131 1654 1185 inaequalis,
1693 1146 1779 1173 non

149 1203 355 1255 sequitur,
400 1204 501 1256 quia
541 1217 617 1245 nec
657 1206 849 1258 aequalis
893 1220 969 1248 nec
1014 1207 1265 1260 inaequalis.
1342 1210 1447 1250 Item
1494 1223 1779 1262 quaecunque

148 1280 347 1321 dicuntur
374 1281 426 1322 de
454 1281 597 1322 divina
631 1283 875 1325 substantia
908 1285 1194 1336 singulariter,
1228 1289 1409 1339 possunt
1442 1287 1523 1329 clici
1557 1287 1609 1328 de
1641 1288 1777 1328 tribus

146 1357 379 1409 pluraliter,
436 1361 483 1399 ut
527 1360 560 1399 si
600 1360 734 1401 dicas:
783 1362 990 1403 Divinitas
1036 1366 1100 1403 est
1142 1365 1331 1414 aeterna,
1377 1367 1544 1416 potens,
1591 1365 1776 1416 sapiens,

146 1434 342 1486 benigna.
406 1436 610 1478 Similiter
641 1451 851 1490 personae
884 1442 985 1481 sunt
1023 1444 1240 1491 aeternae,
1280 1442 1509 1494 sapientes,
1550 1442 1774 1494 benignae.

286 1513 326 1553 4.
373 1513 494 1554 Item
541 1516 720 1566 quaeri
765 1516 914 1567 solet,
962 1531 1120 1570 quare
1164 1518 1316 1560 Pater
1359 1520 1535 1571 genuit
1578 1520 1775 1562 Filium.

145 1590 259 1640 ldeo,
292 1593 339 1631 ut
372 1590 431 1631 ait
463 1591 800 1643 Augustinus,
834 1596 881 1635 ut
913 1608 1017 1637 suae
1051 1596 1347 1647 magnitudine
1374 1609 1588 1649 congruus
1616 1610 1774 1650 repon-

144 1667 263 1708 deret
307 1668 496 1710 effectus.
560 1669 656 1710 Non
696 1683 901 1722 magnum
941 1676 1034 1714 erat
1079 1673 1218 1714 facere
1264 1674 1375 1715 intra
1421 1688 1478 1725 se,
1527 1675 1642 1727 quod
1688 1689 1774 1716 non

142 1747 313 1796 poterat
346 1745 484 1787 facere
516 1746 676 1800 aliquid
705 1761 836 1800 supra
863 1762 922 1791 se.
989 1750 1130 1792 Edidit
1157 1752 1402 1802 generando
1432 1752 1583 1793 Filium
1611 1753 1772 1793 similli-

142 1834 258 1862 mum
293 1824 502 1875 tanquam
536 1824 718 1865 alterum
753 1839 776 1867 a
810 1840 868 1868 se.

283 1901 322 1941 5.
372 1901 493 1942 Item
529 1903 816 1954 quaeritur,
857 1904 896 1945 si
930 1905 1198 1948 voluntate
1232 1907 1306 1948 vel
1340 1908 1655 1949 necessitate
1689 1920 1771 1959 ge-

141 1977 297 2018 nuit2.
380 1978 467 2019 Nec
506 1980 762 2022 necessitate
804 1994 882 2022 nec
922 1982 1158 2034 voluntate,
1205 1984 1281 2025 sed
1320 1987 1476 2026 natura
1520 1985 1680 2037 genuit,
1726 1986 1769 2026 id

141 2057 205 2094 est
237 2055 503 2097 naturaliter.
567 2056 795 2107 Quomodo
835 2062 980 2101 autem
1024 2061 1104 2102 hoc
1137 2062 1203 2112 sit,
1246 2062 1288 2103 in
1321 2062 1401 2103 hac
1434 2063 1530 2104 sciri
1565 2064 1649 2105 vita
1683 2077 1768 2105 non

138 2135 294 2183 potest.
366 2133 526 2173 Volcm‘t
563 2148 686 2188 supet·
718 2150 880 2189 pennas
927 2142 1132 2178 mentorem
1180 2139 1266 2192 (Rs.
1303 2140 1474 2194 17,11).
1539 2141 1590 2182 Et
1633 2142 1769 2183 scien—

140 2209 241 2249 dum
277 2213 353 2260 est,
388 2211 503 2263 quod
537 2212 753 2264 quaedam
788 2227 919 2267 opera
951 2217 1233 2267 necessitatis,
1268 2218 1484 2270 quaedam
1519 2219 1801 2270 11011111111115,1

138 2287 353 2338 quaedam
392 2292 585 2331 naturae.
650 2290 940 2343 Necessitatis,
975 2295 1022 2334 ut
1053 2294 1163 2335 mori
1195 2298 1236 2336 et
1277 2296 1411 2337 solem
1444 2297 1503 2338 ire
1545 2297 1600 2338 ad
1643 2309 1768 2339 occa-

137 2377 251 2412 sum3
283 2365 527 2417 voluntatis,
557 2370 601 2407 ut
628 2368 688 2409 ire
715 2369 769 2409 ad
792 2370 1034 2420 ecclesiam;
1064 2374 1258 2422 naturae,
1287 2373 1395 2414 sicut
1421 2374 1592 2425 gignere
1614 2374 1764 2415 Filium

139 2444 179 2481 et
212 2455 357 2483 semen
391 2444 626 2485 concedere
659 2448 812 2488 terrae.
877 2447 989 2489 Nam
1023 2449 1183 2490 iactato
1213 2451 1375 2491 semine
1408 2454 1548 2492 terrae
1580 2452 1764 2504 imprae-

135 2522 290 2569 gnatur
321 2519 478 2561 liumus
512 2524 553 2562 et
584 2522 665 2563 fert
697 2523 895 2565 fructum.
959 2526 1066 2566 Item
1101 2527 1135 2567 si
1168 2528 1351 2579 quaeris,
1387 2529 1605 2580 quomodo
1636 2529 1764 2570 Filius

134 2596 340 2647 procedat
372 2611 396 2638 a
430 2598 570 2648 Patre,
607 2600 784 2641 infirmis
818 2602 986 2644 infirma
1020 2603 1215 2644 redditur
1247 2605 1370 2646 ratio.
1423 2605 1547 2656 Nam,
1584 2609 1629 2646 ut
1662 2605 1762 2646 dicit
1783 2626 1809 2649 a<

134 2674 452 2725 Augustinus
470 2677 484 2701 3
516 2677 624 2718 sicut
657 2678 757 2718 solis
785 2679 931 2720 radius
957 2681 1151 2732 procedit
1184 2695 1210 2723 a
1238 2682 1325 2723 sole
1353 2685 1394 2723 et
1424 2687 1617 2724 remanet
1647 2684 1760 2725 idem

134 2763 230 2790 cum
258 2750 359 2801 sole,
393 2752 453 2793 ita
480 2753 608 2795 Filius
634 2756 826 2807 procedit
854 2769 879 2798 a
905 2757 1034 2799 Patre
1060 2761 1102 2799 et
1127 2762 1324 2801 remanet
1351 2760 1462 2800 idem
1493 2773 1592 2801 cum
1617 2761 1758 2804 Patre.

272 2865 291 2899 3
319 2868 373 2899 est
399 2878 462 2899 om.
479 2870 521 2901 A.
619 2868 711 2903 Set)
736 2870 963 2914 praedicatur
989 2884 1053 2906 om..
1070 2875 1113 2906 A.
1220 2872 1264 2906 27
1291 2874 1342 2915 ut]
1371 2874 1464 2908 sicut
1479 2875 1521 2908 Β.
1618 2874 1663 2909 28
1690 2875 1758 2909 iam

132 2925 232 2957 tanto
258 2926 300 2959 Β.
398 2925 440 2959 31
469 2937 489 2960 a
514 2926 601 2971 sole]
627 2927 735 2962 Patre
754 2932 785 2963 A
812 2933 847 2964 et:
872 2933 1033 2965 remanet
1058 2931 1151 2965 idem
1178 2944 1257 2966 cum
1283 2932 1358 2967 sole
1384 2945 1449 2968 om.
1476 2935 1518 2968 B.

274 3022 281 3039 ¹
310 3024 372 3057 SS.
400 3023 423 3064 I,
447 3023 467 3057 8
495 3025 552 3066 (54
566 3025 617 3066 C).

275 3080 287 3098 ‘²
312 3083 373 3116 SS.
400 3083 426 3121 Ι,
450 3084 467 3116 7
497 3084 552 3126 (53
568 3085 606 3126 Β,
623 3084 679 3126 C);
708 3085 845 3121 Lomb.
872 3090 966 3122 Sent.
993 3089 1014 3122 l.
1041 3089 1067 3123 I.
1095 3089 1127 3124 d.
1155 3090 1184 3123 6.
1213 3102 1242 3124 0.
1273 3091 1302 3124 1.

275 3141 287 3158 ³
312 3142 355 3175 cf.
385 3144 577 3186 August„
607 3146 739 3179 Contra
766 3158 869 3181 serm.
898 3150 1028 3183 Arian.
1055 3160 1084 3183 0.
1111 3148 1174 3183 III.
1201 3161 1234 3183 n.
1261 3150 1293 3183 4.
1323 3150 1402 3192 (PL.
1430 3151 1485 3193 42,
1515 3152 1593 3193 685,
1615 3152 1686 3193 86).

1803 690 1818 714 5

1802 1076 1833 1101 10

1800 1461 1830 1486 15

1792 1847 1825 1872 20

1787 2238 1820 2262 25
