2106 3453
267 1057 297 1080 lo

266 1816 300 1840 21)

319 253 384 287 150
394 253 409 270 *
913 253 1120 287 Sententiae
1147 253 1360 288 divinitatis.

316 356 478 406 tudine,
523 370 572 397 ac
615 356 649 396 si
694 369 917 408 nunquam
961 360 1103 397 essent
1141 357 1317 397 dimissa
1358 358 1549 409 peccata.
1595 358 1715 399 sicuti
1759 358 1945 399 solemus

316 432 474 472 dicere:
517 431 702 473 Scientia
737 432 801 472 vel
835 431 1009 473 divitiae
1047 433 1212 482 inflant,
1258 446 1343 473 non
1383 433 1498 485 quod
1532 433 1709 475 scientia
1744 434 1806 474 vel
1840 434 1946 474 divi-

316 508 401 548 tiae
434 507 595 557 inflent,
640 508 715 548 sed
748 508 978 549 attendens
1018 508 1120 549 illud
1163 509 1279 561 qnod
1322 509 1565 559 comitatur,
1607 510 1766 550 scilicet
1798 522 1946 561 super-

317 584 446 633 biam,
481 584 602 624 dixit:
639 584 825 625 Scientia
847 584 981 633 inflat,
1016 585 1058 624 id
1081 587 1145 625 est
1171 585 1273 625 illud
1307 585 1423 637 quod
1455 585 1685 626 comitatur
1706 585 1946 635 scientiam,

319 660 358 700 isl
390 662 454 701 est
480 660 695 712 superbia.
744 661 818 701 Vel
847 661 986 702 aliter:
1022 661 1252 713 Nunquam
1283 661 1484 702 dicuntur
1510 660 1661 711 redire,
1695 674 1806 713 quae
1838 674 1946 701 nun-

319 749 451 789 quam
490 736 666 777 dimissa
708 736 891 777 fuerunt.
963 737 1276 779 Damnandis
1315 750 1573 789 nunquam
1617 737 1948 778 dimittuntur

318 816 530 866 peccata
564 826 727 866 neque
754 814 800 853 in
826 814 1149 866 paenitentia
1174 827 1336 866 neque
1360 815 1406 854 in
1437 814 1712 866 baptismo,
1747 813 1820 855 sed
1849 815 1949 853 sunt

318 890 377 930 eis
417 890 537 939 signa
579 892 620 929 et
659 889 868 931 dictiones
906 891 1055 931 salutis
1094 890 1217 931 sicuti
1257 893 1298 931 et
1336 891 1566 940 salvandis,
1610 890 1684 930 sed
1723 902 1948 941 nunquam

318 965 604 1015 dimittuntur,
640 966 717 1006 nisi
751 969 1152 1007 sacramentotenus
1186 968 1227 1007 et
1259 969 1469 1018 quantum
1497 966 1551 1007 ad
1574 966 1710 1006 visum
1736 968 1946 1006 nostrum.

320 1043 429 1094 Ergo
462 1041 559 1083 talis
593 1045 657 1084 est
689 1042 856 1092 reditio,
897 1042 1035 1095 qualis
1070 1045 1110 1083 et
1143 1042 1356 1091 remissi03
1404 1041 1512 1083 sicut
1543 1042 1658 1083 nulla
1692 1042 1768 1083 fuit
1799 1041 1949 1082 remis-

318 1118 393 1167 sio,
429 1119 488 1158 ita
521 1118 636 1159 nulla
670 1118 822 1159 reditio
842 1120 868 1159 1.

461 1194 603 1235 Solet
637 1194 815 1246 quaeri
843 1195 900 1235 de
930 1194 1024 1245 his,
1053 1195 1138 1247 qui
1169 1198 1285 1235 sunt
1314 1195 1361 1235 in
1394 1194 1593 1235 duobus
1627 1193 1947 1244 criminibus,

319 1271 355 1311 si
404 1270 605 1323 possint
658 1271 716 1310 de
767 1284 863 1311 uno
915 1270 1292 1323 paenitentiam
1339 1283 1490 1322 agere
1541 1270 1853 1311 remanendo
1903 1270 1950 1310 in

319 1347 458 1387 alio2.
523 1346 649 1396 Quod
688 1359 775 1387 non
809 1347 989 1399 possint,
1034 1347 1246 1400 probatur
1278 1347 1343 1388 liis
1378 1347 1732 1389 auctoritatibus:
1776 1348 1950 1397 Augu-

284 1437 298 1461 5
319 1423 483 1464 stinus
498 1425 529 1464 3:
566 1423 748 1473 ,Scimus
771 1424 903 1464 Deum
934 1423 1153 1465 inimicum
1183 1437 1275 1464 esse
1297 1423 1413 1463 omni
1434 1424 1679 1465 criminoso.
1720 1423 1949 1473 Quomodo

321 1512 421 1551 ergo
463 1499 634 1539 veniam
677 1501 858 1551 quaerit,
906 1500 979 1552 qui
1021 1500 1163 1541 adhuc
1205 1501 1246 1540 in
1289 1500 1465 1541 crimine
1504 1502 1779 1553 perseverat?
1850 1500 1950 1540 Sine

319 1588 467 1616 amore
500 1575 574 1615 Dei
609 1575 778 1628 quaerit
809 1576 990 1627 gratiam
1026 1576 1114 1625 Dei,
1159 1576 1251 1618 sine
1292 1590 1377 1628 quo
1412 1590 1539 1617 nemo
1572 1576 1734 1617 invenit
1766 1576 1949 1617 Veniam.

320 1651 466 1691 Hostis
494 1652 606 1692 enim
630 1651 703 1692 Dei
732 1654 808 1701 est,
837 1652 910 1704 qui
936 1655 1184 1704 perseverat
1211 1653 1251 1693 in
1280 1653 1493 1705 peccatis‘.
1538 1653 1644 1694 Item
1672 1652 1949 1693 Isidorus4:

321 1727 485 1777 ,Irrisor
527 1731 591 1768 est
634 1730 673 1769 et
716 1741 801 1768 non
843 1729 1083 1781 paenitens,
1130 1729 1200 1781 qui
1246 1729 1306 1770 sic
1339 1742 1417 1770 sua
1450 1731 1630 1781 peccata
1663 1728 1871 1781 deplorat,
1905 1730 1952 1769 ut

321 1804 476 1844 iterum
510 1804 594 1845 alia
627 1805 898 1846 committat‘.

461 1880 544 1921 Sed
580 1882 730 1921 contra
761 1881 1037 1932 Gregorius
1070 1881 1239 1922 videtur
1272 1881 1377 1922 velle
1410 1895 1562 1933 super
1590 1880 1949 1931 Ezechielem5,

319 1957 392 1997 ubi
425 1957 595 1998 dicitur:
644 1957 758 1997 le'z‘s
792 1957 995 1997 Dominus
1036 1971 1160 2011 super
1201 1972 1324 1998 unam
1364 1958 1411 1997 de
1449 1957 1693 2006 cessvimtffius,
1738 1956 1854 2009 quod
1893 1956 1952 1997 ita

321 2033 512 2085 exponit:
558 2032 733 2081 ,Eadem
774 2033 923 2074 civitas
967 2047 1017 2074 ex
1050 2036 1172 2086 parte
1206 2034 1466 2086 compluitur
1499 2036 1541 2075 et
1574 2048 1623 2074 ex
1656 2035 1778 2086 parte
1810 2046 1951 2074 rema-

320 2112 392 2150 net
431 2109 709 2161 incompluta,
746 2110 787 2149 id
828 2113 892 2150 est
931 2110 1083 2162 aliquis
1122 2110 1365 2162 proximum
1407 2110 1509 2160 odit,
1550 2110 1604 2151 ab
1638 2110 1731 2150 aliis
1763 2109 1873 2149 vitiis
1907 2122 1951 2149 se

266 2196 281 2220 ‘2
320 2187 505 2237 corrigit.
570 2186 679 2227 Sunt
722 2186 832 2226 enim
877 2186 1069 2239 quidam,
1114 2187 1185 2239 qui
1227 2200 1323 2227 cum
1359 2187 1573 2239 quaedam
1607 2187 1709 2227 vitia
1741 2187 1950 2233 resecant,

321 2263 362 2302 in
393 2262 485 2303 aliis
512 2262 699 2313 graviter
725 2262 989 2315 perdurant‘.
1048 2263 1169 2303 Tunc
1202 2263 1366 2311 civitas,
1400 2263 1440 2303 id
1469 2265 1531 2303 est
1559 2263 1717 2312 anima,
1751 2276 1802 2303 ex
1831 2265 1951 2314 parte

320 2338 579 2391 compluitur
612 2341 653 2379 et
686 2352 736 2379 ex
768 2341 890 2391 parte
924 2342 1118 2380 remanet
1150 2339 1428 2391 incompluta.
1486 2339 1708 2379 Habemus
1736 2339 1863 2380 etiam
1899 2339 1952 2379 de

321 2414 516 2465 Achab,
557 2415 623 2455 cui
657 2415 864 2455 Dominus
898 2415 1036 2456 minas
1070 2415 1232 2456 remisit
1264 2418 1305 2455 et
1338 2418 1439 2456 tunc
1473 2430 1498 2457 a
1530 2415 1693 2456 cultare
1726 2415 1829 2455 Baal
1864 2427 1949 2455 non

322 2491 508 2531 recessit.

462 2605 554 2639 3—4
580 2606 746 2650 superbia
861 2606 954 2639 4—5
982 2605 1094 2638 dixit.
1112 2631 1117 2637 .
1137 2632 1143 2639 .
1163 2605 1328 2649 superbia
1356 2617 1418 2639 om.
1448 2607 1491 2639 A.
1599 2606 1618 2638 6
1646 2605 1792 2639 dimissa
1820 2617 1884 2640 om.
1910 2607 1951 2637 A.

325 2666 365 2699 13
392 2665 602 2699 satisfacere
624 2666 663 2699 Β.
767 2666 806 2698 17
834 2665 899 2698 Dei
926 2677 989 2698 om.
1007 2667 1049 2698 A.
1151 2664 1191 2698 18
1219 2664 1317 2708 item]
1344 2664 1436 2697 unde
1458 2666 1499 2698 A.
1599 2664 1644 2697 20
1670 2664 1798 2697 iteruin
1826 2676 1889 2699 om.
1917 2666 1950 2698 ’“.

322 2725 365 2758 23
393 2724 583 2768 exponitur
596 2724 639 2758 B.
756 2725 801 2757 24
827 2725 860 2757 id
888 2726 960 2757 est.
979 2750 1007 2757 ..
1028 2725 1189 2757 remanet
1214 2723 1433 2767 incompluta
1447 2735 1510 2757 om.
1527 2725 1569 2757 A.
1668 2723 1712 2757 28
1740 2735 1806 2756 non
1828 2736 1891 2757 om.
1910 2726 1949 2757 A.

464 2832 472 2849 ¹
501 2833 546 2868 cf.
574 2844 682 2877 supra
708 2844 739 2877 p.
767 2834 824 2867 41.

460 2890 471 2908 '²
498 2893 558 2927 SS.
580 2892 639 2932 Vl,
661 2892 701 2926 13
721 2892 877 2934 (1511));
904 2892 1041 2927 Lomb.
1070 2893 1163 2926 Sent.
1190 2891 1211 2926 l.
1233 2891 1295 2926 IV.
1324 2891 1354 2925 d.
1381 2892 1432 2925 15.
1459 2903 1488 2926 o.
1514 2892 1541 2925 1.
1581 2891 1687 2934 Mag.
1710 2891 1950 2931 Rolandus,

323 2963 354 2995 p.
382 2951 460 2986 240.

466 3008 478 3026 3
503 3021 532 3045 c.
558 3010 612 3044 42.
642 3010 673 3046 d.
701 3011 732 3044 3.
760 3010 802 3043 de
828 3012 959 3054 paenit.
1106 3010 1117 3027 ⁴
1144 3010 1189 3044 of.
1217 3021 1323 3054 supra
1349 3021 1381 3054 p.
1412 3009 1503 3044 143*
1530 3021 1564 3043 v.
1592 3011 1621 3050 7,
1650 3010 1681 3044 8.

464 3068 477 3086 ⁵
503 3080 531 3102 c.
552 3069 607 3103 40.
636 3069 667 3103 d.
688 3069 719 3102 3.
748 3069 790 3103 de
810 3070 939 3113 paenit.
980 3069 1119 3103 Lomb.
1148 3071 1242 3103 Sent.
1270 3069 1291 3104 l.
1313 3068 1372 3102 lV.
1402 3069 1433 3103 d.
1459 3070 1510 3102 15.
1550 3069 1594 3103 of.
1617 3068 1749 3109 Gietl,
1778 3081 1809 3113 p.
1832 3068 1950 3104 24021.

324 3128 437 3161 Locus
462 3128 659 3172 scripturae
686 3140 713 3163 s.
742 3140 809 3162 non
837 3132 891 3162 est
916 3129 951 3162 in
981 3128 1226 3168 Ezechiele,
1255 3129 1317 3162 sed
1344 3128 1435 3172 apud
1463 3128 1593 3162 Amos
1618 3129 1650 3169 4,
1680 3129 1709 3162 7.
