2106 3453
348 243 413 278 162
422 242 440 262 *
682 209 699 226 ⁴
937 242 1143 278 Sententiae
1170 242 1380 278 divinitatis.

488 348 577 389 Vel
609 347 832 398 dicatur,
872 347 988 400 quod
1028 347 1070 388 in
1101 347 1297 400 personis
1329 348 1414 388 sint
1456 350 1497 389 et
1529 348 1645 400 quod
1677 348 1762 389 sint
1793 349 1835 389 in
1868 349 1971 390 Deo.

345 424 389 464 Si
416 424 654 465 concludis:
690 424 798 475 Ergo
826 426 926 464 sunt
957 423 1085 473 Deus,
1120 436 1206 464 non
1239 423 1445 476 sequitur,
1479 423 1580 476 quia
1613 438 1708 465 cum
1746 424 1839 465 dico
1873 437 1971 477 pro-

344 499 549 552 prietates
577 513 668 541 esse
696 500 737 540 in
764 500 867 550 Deo,
901 512 987 540 non
1014 502 1117 540 noto
1144 502 1361 550 naturam,
1398 500 1472 541 sed
1505 513 1726 552 personas,
1760 500 1860 553 quia
1893 499 1973 542 hoc

346 590 504 617 nomen
539 577 678 626 ‚Deus‘
713 577 768 617 ad
795 579 1028 628 utrumque
1061 589 1107 617 se
1132 576 1278 627 habet,
1313 576 1469 617 scilicet
1497 577 1552 618 ad
1578 589 1810 629 personam
1843 580 1885 618 et
1916 578 1972 619 ad

308 665 324 689 5
344 656 561 695 naturam.
623 654 729 694 Item
763 652 797 694 si
830 659 1039 705 opponas
1068 653 1181 705 quod
1216 652 1418 705 quicquid
1447 655 1510 693 est
1543 652 1583 693 in
1611 653 1715 703 Deo,
1748 653 1861 694 Deus
1895 655 1970 703 est,

344 729 402 769 sic
435 730 743 772 determinant:
790 729 897 769 Illud
932 728 1162 781 ,quicquicr
1197 742 1283 789 non
1316 731 1440 769 notat
1477 741 1627 778 unum,
1670 728 1828 770 scilicet
1865 729 1972 770 divi-

344 806 538 855 nitatem,
585 819 609 847 a
643 818 728 858 qua
757 809 761 856 l
792 818 1081 858 unaquaeque
1113 805 1281 846 illarum
1308 817 1589 858 personarum
1618 804 1732 846 Deus
1759 808 1835 847 est.
1899 806 1970 846 Vel
1991 817 2010 844 f.
2032 818 2090 844 107.

344 881 446 922 illud
488 881 717 933 ‚quicquid‘
754 894 809 921 ex
842 878 1313 934 partepraedicati
1346 881 1607 932 intelligatur
1640 883 1687 922 et
1720 894 1820 922 non
1853 882 1971 922 sub-

345 957 461 999 iecti
482 958 509 1007 1,
533 959 580 997 ut
608 957 661 997 sit
682 970 850 998 sensus:
880 957 1090 1010 Quicquid
1112 957 1155 998 in
1176 958 1264 998 Deo
1289 959 1365 1007 est⁷
1394 958 1506 998 Deus
1533 959 1598 998 est
1616 957 1719 998 illud
1747 958 1969 1011 quicquid;

292 1048 323 1072 ω
343 1034 462 1074 verbi
503 1034 641 1085 gratia
683 1047 780 1074 cum
823 1033 936 1076 dico:
972 1034 1016 1075 Si
1050 1034 1206 1076 caritas
1240 1034 1280 1074 in
1315 1034 1402 1075 Deo
1437 1036 1512 1084 est⁷
1546 1034 1660 1074 Deus
1698 1035 1762 1075 est
1795 1035 1968 1084 caritas;

344 1110 377 1150 si
411 1110 629 1151 humilitas
663 1109 705 1150 in
728 1110 816 1152 Deo
850 1112 927 1161 est,
962 1111 1075 1151 Deus
1109 1113 1172 1151 θεῖ
1198 1109 1434 1159 humilitas3
1469 1110 1545 1151 sed
1571 1123 1657 1151 non
1694 1110 1968 1152 convertitur.

486 1187 609 1228 Item
642 1187 677 1227 si
709 1189 972 1240 opponatur:
1020 1186 1145 1228 Solus
1178 1187 1292 1227 Deus
1323 1186 1401 1227 fuit
1433 1186 1488 1227 ab
1521 1189 1697 1228 aeterno
1716 1189 1742 1237 2,
1776 1200 1862 1227 non
1907 1190 1970 1229 θεῖ

344 1263 622 1313 contrarium,
662 1263 763 1316 quia
807 1277 893 1305 non
935 1263 1120 1305 excludit
1158 1262 1319 1315 aliquid
1359 1262 1475 1315 quod
1512 1263 1567 1304 sit
1605 1263 1709 1313 eius,
1745 1263 1819 1305 sed
1854 1263 1970 1316 quod

343 1339 559 1380 diversum
596 1342 659 1381 est
691 1340 746 1381 ab
775 1353 838 1390 eo,
873 1339 981 1380 sicut
1013 1353 1111 1380 cum
1138 1339 1251 1380 dico:
1287 1338 1413 1380 Solus
1440 1338 1639 1381 Socrates
1667 1342 1731 1381 est
1756 1340 1798 1380 in
1825 1340 1969 1390 domo,

292 1427 323 1452 15
343 1428 429 1455 non
464 1415 642 1456 excludo
676 1415 837 1468 aliquid
876 1415 991 1468 quod
1034 1415 1088 1455 sit
1126 1414 1229 1465 eius,
1272 1414 1347 1456 sed
1390 1414 1505 1467 quod
1548 1414 1764 1456 diversum
1807 1418 1871 1456 est
1914 1416 1969 1457 ab

345 1505 410 1542 eo,
446 1491 605 1533 scilicet
637 1491 864 1533 Platonem
897 1491 963 1532 vel
996 1491 1127 1532 alium
1160 1490 1394 1532 hominem.

488 1567 719 1609 Praeterea
752 1566 975 1609 sciendum
1018 1569 1094 1617 est,
1138 1566 1255 1620 quod
1298 1567 1673 1619 proprietatum
1720 1567 1968 1620 quaedam

343 1647 461 1685 sunt
492 1657 746 1697 personae
779 1646 977 1684 tantum
1014 1645 1062 1684 et
1094 1656 1192 1684 non
1218 1643 1538 1696 personales;
1573 1643 1823 1696 quaedam
1851 1646 1969 1685 sunt

341 1734 597 1773 personae
631 1722 679 1762 et
710 1720 1014 1773 personales
1032 1721 1058 1761 3.
1122 1719 1340 1761 Personae
1372 1721 1414 1760 et
1440 1732 1525 1760 non
1551 1719 1813 1772 personales,
1846 1720 1968 1761 sicuti

287 1807 323 1832 20
343 1798 590 1839 humanitas
624 1800 665 1838 et
697 1797 865 1846 albedo,
900 1809 1011 1849 quae
1033 1809 1120 1837 non
1143 1796 1305 1837 faciunt
1333 1796 1519 1849 aliquem
1554 1796 1818 1838 differentem
1848 1809 1874 1838 a
1901 1809 1969 1838 ce-

340 1875 457 1925 teris,
499 1875 600 1927 quia
640 1873 884 1926 quicunque
929 1875 993 1914 est
1030 1872 1161 1913 homo
1203 1872 1339 1923 albus,
1382 1872 1652 1914 humanitate
1686 1875 1728 1914 et
1771 1872 1968 1914 albedine

342 1954 406 1993 est
437 1950 568 1992 homo
596 1949 733 1992 albus.
798 1949 1013 1990 Personae
1046 1950 1088 1990 et
1112 1948 1375 2001 personales,
1408 1948 1532 1990 sicuti
1560 1951 1624 1990 θεῖ
1649 1949 1875 1991 socratitas
1903 1948 1968 1990 vel

340 2026 588 2080 platonitas,
627 2025 785 2068 scilicet
823 2025 1015 2066 collectio
1049 2025 1241 2081 omnium
1287 2025 1601 2078 proprietatum
1646 2028 1873 2078 compacta
1918 2039 1967 2066 ex

344 2103 546 2144 omnibus
579 2102 873 2144 accidentibus
900 2101 1088 2155 partium
1122 2104 1210 2143 tam
1239 2101 1587 2144 substantialium
1615 2114 1744 2154 quam
1772 2101 1967 2143 acciden-

291 2188 324 2212 ‘25
343 2179 509 2230 talium,
542 2179 680 2220 forma
714 2178 909 2219 videlicet
941 2177 1309 2228 dissimilitudinis,
1343 2190 1455 2231 quae
1487 2178 1588 2219 facit
1620 2191 1718 2219 eum
1750 2178 1965 2218 diversum

340 2255 395 2297 ab
429 2255 630 2296 omnibus
668 2254 774 2297 aliis.
849 2253 1082 2307 Nunquam
1116 2253 1228 2296 enim
1262 2253 1360 2296 talis
1391 2254 1583 2295 collectio
1622 2254 1887 2316 itaqintegra
1925 2256 1967 2295 et

339 2331 467 2384 plena
507 2331 549 2372 in
591 2330 677 2371 ullo
711 2330 793 2371 alio
827 2330 1003 2382 reperiri
1035 2332 1190 2383 potest.
1242 2330 1333 2371 Hoc
1367 2329 1522 2372 dicitur
1552 2343 1751 2383 persona.
1806 2329 1967 2372 Dicitur

338 2408 452 2448 enim
485 2420 562 2460 per
593 2420 639 2448 se
670 2406 774 2448 sola.

482 2532 523 2567 10
549 2532 646 2567 Deus
672 2533 727 2566 est
753 2544 817 2566 om.
846 2534 887 2568 Β.
963 2533 1018 2566 θεῖ
1038 2530 1183 2575 caritas]
1210 2532 1343 2565 caritas
1368 2543 1433 2565 om.
1450 2533 1481 2565 A
1501 2534 1543 2565 B.
1621 2532 1757 2565 14—16
1783 2532 1877 2566 sicut
1898 2557 1904 2565 .
1926 2562 1933 2569 .
1957 2559 1964 2566 .

338 2591 479 2626 scilicet
499 2595 530 2625 A
551 2594 588 2625 in
609 2603 720 2635 mccry.
778 2592 820 2625 16
847 2602 918 2625 acc.
939 2592 982 2633 (52)
1005 2593 1040 2625 et
1059 2590 1245 2625 Platonem
1262 2592 1304 2625 B.
1357 2591 1398 2624 19
1424 2601 1596 2635 personae
1618 2593 1654 2624 et
1670 2602 1739 2625 non
1760 2591 1965 2635 personales

339 2663 403 2688 om,
420 2653 462 2687 Β.
488 2663 558 2685 non
584 2663 647 2685 om.
676 2653 727 2685 W.
778 2651 822 2685 20
849 2650 1006 2695 aliquam
1034 2650 1267 2684 differentiam
1296 2652 1348 2684 W.
1400 2650 1441 2684 21
1471 2649 1684 2694 quicunque]
1717 2650 1883 2695 quicquid
1910 2652 1963 2685 W.

339 2713 375 2745 et
405 2713 448 2745 W
462 2711 519 2745 vel
532 2711 614 2744 AR.
684 2711 728 2744 22
749 2712 804 2744 est
823 2722 887 2744 om.
908 2711 960 2744 W.
1034 2710 1078 2743 25
1100 2709 1410 2743 dissimilitudines
1437 2714 1477 2743 A.
1547 2709 1591 2742 27
1611 2709 1682 2743 ullo
1701 2711 1746 2743 W
1761 2708 1856 2743 nullo
1873 2711 1903 2743 A
1920 2711 1961 2745 R.

338 2770 383 2804 28
408 2770 548 2804 Dicitur
572 2770 680 2804 etiarn
714 2771 772 2812 ΠΖ·
792 2781 856 2803 om.
877 2771 918 2803 A.
1018 2768 1147 2802 dicitur
1172 2769 1266 2802 enim
1291 2780 1443 2813 persona
1468 2780 1530 2813 per
1555 2779 1593 2803 se
1619 2767 1695 2803 sola
1721 2771 1764 2804 B.

479 2882 491 2901 ¹
517 2883 562 2918 cf.
589 2883 916 2924 Pseudo-Beda,
939 2885 990 2917 De.
1013 2885 1188 2917 Trinitas-e
1207 2882 1276 2918 PL.
1297 2882 1352 2923 95,
1373 2883 1441 2917 393
1458 2882 1498 2917 C:
1526 2882 1682 2917 Fuerunt
1702 2883 1795 2916 enim
1816 2882 1959 2926 quidam

339 2942 576 2986 ignominiosi,
602 2953 749 2986 quorum
775 2942 918 2976 nomina
944 2942 1013 2976 iam
1040 2953 1144 2976 aures
1169 2941 1423 2976 catholicorum
1451 2941 1641 2983 oflendunt,
1674 2942 1733 2985 qui
1761 2953 1810 2975 ex
1837 2943 1960 2986 parte

339 3001 526 3036 subiecti
552 3013 622 3035 non
647 3001 881 3035 concederent
906 3012 1012 3035 unum
1040 3001 1153 3035 Deum
1180 3012 1258 3036 esse
1283 3003 1358 3035 tres
1384 3012 1563 3046 personae.

481 3060 493 3078 ‘²
519 3062 580 3095 SS.
609 3060 698 3101 I,11
728 3060 784 3101 (59
799 3060 857 3106 B);
884 3060 1123 3095 Gualterus
1150 3060 1197 3095 de
1223 3060 1507 3102 Mauritania,
1534 3059 1572 3094 L.
1600 3071 1628 3094 c.
1656 3060 1772 3094 c.X1.
1799 3071 1832 3104 p.
1855 3059 1911 3094 68.

480 3118 493 3137 ³
519 3119 702 3154 Gilbert.
729 3119 797 3154 PL.
825 3120 879 3161 64,
910 3120 999 3154 1372
1016 3120 1056 3161 A,
1086 3119 1185 3154 1389.
