2106 3453
5 1420 24 1446 f.
38 1421 87 1447 102
99 1420 135 1446 νο.

651 247 841 282 Tractatus
869 248 909 282 V.
966 249 1013 282 De
1040 250 1283 285 sacramentis
1694 252 1784 286 139*

296 348 415 388 Solet
448 351 625 401 opponi:
661 351 765 391 Cum
803 351 841 392 in
876 353 1011 394 altero
1049 355 1167 394 totus
1201 354 1396 404 sumitur,
1431 354 1585 407 duplex
1622 356 1789 397 videtur

153 424 406 475 assumptio,
449 425 489 464 in
530 427 671 477 specie
711 428 835 479 panis
874 431 990 469 totus
1024 430 1206 469 sumitur
1240 430 1391 470 etvini
1419 431 1624 472 similiter.
1677 432 1786 483 Ergo

155 498 218 538 bis
250 499 434 540 sumitur
466 515 490 542 a
524 503 749 544 sacerdote
791 503 831 544 in
872 505 1195 546 consecratione
1235 506 1298 547 vel
1339 520 1363 546 a
1405 507 1609 558 quolibet.
1673 509 1787 549 Sane

152 577 294 625 potest
340 577 527 627 concedi,
573 581 620 618 ut
654 580 733 619 sub
768 580 945 620 diversis
985 581 1208 633 speciebus
1250 582 1312 622 bis
1352 586 1548 623 sumatur
1591 586 1704 624 totus
1745 588 1787 625 et

152 650 278 701 idem,
314 654 353 692 et
386 665 471 693 non
506 654 651 695 obviat
684 657 930 697 auctoritati
965 657 1027 698 Vel
1052 658 1220 699 rationi.
1275 658 1347 698 Vel
1371 672 1603 711 possumus
1630 661 1783 711 dicere,
1806 673 1821 696 5

151 726 266 777 quod
300 740 384 767 non
419 729 473 769 sit
515 729 670 781 duplex
709 733 962 784 assumptio,
1006 733 1107 785 quia
1149 734 1228 774 sub
1269 735 1419 775 eadem
1461 736 1786 777 consecratione

151 805 192 842 et
226 815 309 842 non
342 817 419 855 per
452 805 674 847 intervalla
709 815 950 860 temporum
986 810 1182 851 sumitur.
1246 810 1365 852 Sicut
1404 812 1442 851 in
1485 811 1634 852 eadem
1679 825 1786 854 cena

153 879 323 921 diversa
357 880 515 922 fercula
547 886 827 934 apponuntur
860 888 899 926 et
934 888 1079 926 tamen
1115 900 1198 927 non
1234 889 1297 928 est
1331 888 1408 927 nisi
1443 900 1529 929 una
1562 902 1683 931 cena.
1741 889 1785 930 Si

149 968 249 995 vero
293 955 460 997 duobus
502 958 567 999 vel
610 960 746 1000 tribus
788 960 939 1001 diebus
981 966 1176 1004 servetur
1215 964 1325 1005 idem
1373 978 1526 1017 corpus
1561 968 1601 1005 et
1635 968 1785 1017 postea

149 1031 344 1080 sumitur,
380 1035 481 1074 tunc
514 1047 662 1075 secure
695 1039 838 1088 potest
871 1038 952 1079 dici
986 1039 1141 1091 duplex
1177 1041 1430 1093 assumptio.
1483 1042 1607 1091 Quod
1643 1042 1696 1083 sit
1729 1043 1784 1083 ad
1810 1053 1838 1076 10

148 1107 327 1148 salutem
364 1110 534 1150 animae
568 1113 609 1151 et
642 1113 845 1164 corporiS,
881 1116 927 1154 ut
960 1115 1121 1156 dictum
1157 1119 1233 1166 est,
1270 1117 1548 1169 Gregorius
1582 1119 1783 1168 ostendit,

147 1182 424 1225 introducens
458 1185 537 1226 hoc
571 1187 687 1238 quod
722 1188 912 1230 fecerunt
944 1190 1016 1230 tilii
1048 1191 1196 1232 Israel:
1253 1206 1347 1234 cum
1385 1194 1578 1235 exierunt
1613 1195 1784 1248 Aegyp-

147 1260 253 1307 tum,
288 1261 517 1313 utramque
549 1266 718 1314 postem
747 1265 955 1316 sanguine
990 1268 1087 1318 agni
1116 1268 1315 1310 linierunt
1345 1269 1441 1323 (Ex.
1467 1271 1533 1321 12,
1554 1272 1609 1323 7).
1657 1271 1783 1312 Utra-

147 1347 230 1386 que
262 1336 395 1387 postis
429 1337 548 1379 linita
576 1340 784 1391 sanguine
812 1342 923 1392 agni,
958 1345 1001 1382 ut
1032 1343 1121 1395 ipse
1149 1345 1221 1394 ait,
1259 1346 1359 1386 nihil
1388 1346 1504 1387 aliud
1540 1350 1616 1397 est,
1652 1360 1781 1399 quam

147 1411 337 1452 animam
373 1415 414 1453 et
446 1425 601 1466 corpus
630 1417 634 1464 1
665 1429 831 1458 sanare.
897 1418 1021 1461 Unde
1054 1420 1143 1472 ipse
1178 1421 1300 1462 dixit:
1347 1422 1472 1472 ,Quid
1507 1423 1559 1463 sit
1592 1424 1781 1478 sanguis,
1806 1431 1836 1456 15

145 1487 318 1538 sanguis
361 1489 473 1539 agni,
519 1503 604 1531 non
648 1491 879 1544 loquendo,
926 1495 1000 1535 sed
1048 1496 1234 1537 bibendo
1280 1498 1500 1548 didicistis,
1547 1500 1647 1552 quia
1697 1514 1782 1541 non

144 1563 284 1603 solum
319 1577 393 1604 ore
427 1567 630 1618 eorporis,
666 1569 738 1609 sed
776 1570 905 1611 etiam
941 1584 1013 1612 ore
1046 1573 1186 1613 cordis
1224 1573 1430 1615 liauritur‘
1451 1577 1477 1617 1.

285 1639 491 1691 Diximus,
546 1643 646 1694 quia
689 1644 728 1684 in
783 1645 950 1687 duabus
997 1648 1220 1700 speciebus
1274 1651 1457 1691 sumitur
1501 1652 1696 1693 Christus
1740 1657 1782 1695 et

144 1727 277 1766 quare
328 1715 370 1755 in
416 1717 596 1760 duabus.
697 1720 795 1762 Sed
848 1723 1089 1765 videntur
1134 1726 1383 1778 quaedam
1436 1729 1780 1771 auctoritates

143 1791 290 1841 velle,
368 1794 501 1844 quod
565 1808 663 1836 non
724 1798 787 1838 sit
844 1798 912 1839 ibi
970 1800 1205 1842 Christus
1251 1803 1530 1844 secundum
1583 1818 1651 1855 se,
1688 1806 1777 1846 sed
1799 1817 1832 1842 20

142 1869 340 1909 tantum
386 1874 888 1924 sacramentaliter‘2,
931 1876 1038 1917 sicut
1081 1877 1180 1918 olim
1234 1879 1274 1918 in
1321 1883 1519 1932 serpente
1570 1894 1779 1934 suspenso

142 1943 182 1983 in
217 1944 329 1995 ligno
357 1947 422 1986 vel
450 1947 547 1999 palo
582 1951 624 1989 et
674 1949 716 1990 in
773 1951 913 2003 typico
965 1965 1076 2003 agno
1130 1956 1169 1994 et
1222 1955 1262 1994 in
1311 1957 1541 2008 apompeio
1595 1957 1773 2010 hyreoss.

142 2019 285 2061 Prima
336 2021 405 2062 illa
447 2025 732 2067 auctoritas4:
783 2027 894 2075 ,Non
944 2029 1024 2070 hoc
1066 2043 1245 2082 corpus,
1293 2032 1409 2084 quod
1456 2033 1608 2074 videtis
1654 2047 1777 2074 man-

140 2096 337 2137 ducaturi
370 2099 470 2139 estis
521 2113 598 2141 nec
632 2102 805 2143 bibituri
837 2105 1089 2156 sanguinem
1131 2119 1258 2158 quem
1294 2108 1425 2148 fusuri
1459 2111 1558 2149 sunt
1590 2110 1771 2151 Judaei‘.

140 2171 246 2213 Item
321 2174 689 2227 Augustinus5:
765 2179 839 2228 ,De
896 2180 1037 2222 hostia
1097 2182 1186 2231 illa,
1241 2196 1353 2235 quae
1404 2187 1467 2225 est
1527 2185 1569 2226 in
1634 2186 1773 2236 altari,
1796 2197 1829 2222 25

141 2249 340 2290 omnibus
396 2251 523 2293 edere
579 2253 691 2303 licet;
756 2255 809 2296 de
861 2256 930 2298 illa
984 2271 1102 2306 vero,
1162 2272 1274 2311 quae
1326 2262 1387 2300 est
1442 2261 1497 2302 ad
1551 2261 1773 2303 dexteram

284 2389 297 2420 1
327 2388 492 2422 videatur
519 2392 558 2424 R.
656 2392 677 2425 4
704 2395 826 2436 posset>
849 2394 886 2427 H,
986 2397 1186 2428 sumeretur
1205 2398 1242 2429 Β.
1346 2398 1386 2431 10
1410 2404 1491 2440 post
1517 2400 1670 2433 sumitur
1688 2402 1777 2437 (cdd,

141 2447 171 2477 B
198 2448 244 2479 et.
347 2448 386 2481 13
414 2448 598 2484 liniebant.
698 2452 835 2485 13—14
863 2455 1050 2497 utramque
1072 2457 1209 2498 postem
1232 2455 1330 2490 linite
1350 2458 1388 2490 I›'.
1489 2458 1532 2491 23
1559 2465 1636 2501 post
1659 2462 1775 2494 aucto-

139 2504 227 2538 ritas
254 2508 336 2540 add.
363 2508 392 2539 [J
419 2509 622 2550 Augustini.
722 2511 766 2544 24
794 2524 825 2547 n.
855 2512 886 2547 b.
914 2524 942 2547 s.
970 2525 1001 2557 q.
1032 2513 1055 2548 f.
1081 2517 1107 2547 Α
1126 2515 1167 2548 B.
1266 2515 1312 2548 25
1341 2516 1433 2549 [dem
1459 2519 1499 2557 B,
1522 2531 1586 2552 om.
1616 2518 1705 2562 Aug.

284 2643 294 2661 ¹
321 2655 349 2678 c.
378 2645 433 2680 73.
462 2646 503 2678 de
530 2659 625 2683 cons.
655 2648 685 2681 d.
714 2649 746 2684 2.

282 2702 294 2720 ‘²
320 2705 381 2738 SS.
423 2704 480 2745 Vl,
515 2708 534 2739 ὃ
577 2707 737 2751 (141D);
805 2709 911 2743 Lom
928 2710 957 2746 b.
999 2714 1091 2745 Sem‘.
1142 2713 1163 2747 l.
1192 2712 1252 2746 IV.
1306 2713 1336 2747 d.
1367 2715 1423 2756 103
1489 2715 1688 2750 Roland
1703 2730 1773 2758 us,

139 2773 170 2805 p.
199 2762 264 2796 221
282 2774 359 2806 sqq.

281 2820 293 2839 3
319 2823 366 2857 of.
396 2825 474 2856 Ler.
504 2828 558 2866 16,
583 2829 620 2858 8:
660 2829 865 2871 mittensque
892 2841 1000 2872 snper
1029 2836 1213 2873 utrumqne
1239 2838 1378 2874 sortem,
1417 2845 1525 2867 ‘meam
1554 2837 1716 2877 Domino,
1744 2842 1774 2870 et

139 2882 289 2914 alteram
326 2894 434 2925 capro
472 2887 668 2919 θηῑιῖςὸανῖο.
720 2886 787 2920 Hic
823 2889 940 2922 versio
974 2888 1218 2923 Alexandrina
1250 2902 1312 2935 pro
1347 2892 1531 2927 emissario
1564 2893 1688 2930 habet:
1726 2901 1772 2938 τῷ

137 2939 373 2983 dnos-[ommim
403 2957 443 2969 Ξ
473 2945 714 2988 apopompeio,
751 2946 843 2989 quod
880 2947 922 2980 ab
961 2950 1103 2982 auctore
1142 2951 1263 2983 nostro
1296 2950 1329 2983 in
1358 2952 1542 2996 apompeio
1568 2957 1772 2998 corruptum

138 3000 203 3033 est.
254 3000 298 3033 cf.
326 3000 633 3036 Kirchenlexikon
660 3003 708 3044 1²,
735 3016 767 3048 p.
798 3006 899 3039 1773.

278 3058 292 3075 ⁴
318 3071 346 3093 c.
374 3061 431 3096 44.
460 3061 502 3094 de
533 3074 626 3097 cons.
656 3063 687 3098 d.
715 3064 746 3098 2.

280 3117 293 3135 ⁵
318 3131 346 3152 c.
377 3120 429 3153 76.
459 3121 500 3153 de
528 3133 623 3157 cons,
652 3122 683 3156 d.
712 3123 743 3156 2.
