2106 3453
301 1048 333 1073 10

300 1432 333 1457 15

357 240 400 280 62
410 248 427 265 ÷÷
958 242 1164 281 Sententiae
1192 242 1402 282 divinit-atis.
1413 268 1423 273 -

355 348 596 401 composita
629 362 705 391 nec
737 349 779 390 in
813 362 876 391 ea
897 363 1050 391 aurum
1085 350 1127 390 in
1160 362 1354 401 gemmas
1396 351 1653 393 translatum
1696 364 1773 393 nec
1814 364 1983 404 gemma

356 425 397 465 in
430 437 584 466 aurum
624 437 844 475 conversa,
886 426 961 467 sed
988 428 1236 478 vutrumque
1278 430 1517 479 permanet,
1563 427 1678 479 quos-l
1722 430 1827 478 erat,
1870 430 1985 469 ante-

355 512 484 552 quam
519 500 641 541 fieret
673 514 723 541 ex
758 501 821 542 his
855 514 1027 542 corona.
1091 501 1214 543 Talia
1256 516 1307 543 ex
1352 502 1566 555 aliquibus
1610 503 1853 544 constantia
1900 516 1984 543 non

354 575 493 616 solum
528 588 578 616 ex
610 575 702 626 illis,
738 576 819 617 vsed
853 576 984 617 etiam
1018 579 1215 618 constare
1249 577 1289 618 in
1323 578 1402 618 illis
1445 578 1644 627 dicimus;
1686 578 1840 619 dicitur
1872 579 1984 619 enim

355 663 514 693 corona
549 664 599 692 ex
632 664 738 692 auro
781 653 823 692 et
863 652 1044 702 gemmis
1086 656 1296 703 constare,
1341 653 1547 706 quoniam
1590 653 1630 694 in
1675 654 1987 706 compositione

354 739 441 767 non
480 730 830 779 corrumpuntur,
871 729 875 778 Ι
917 741 1071 768 aurum
1114 728 1273 769 scilicet
1315 732 1354 770 et
1397 733 1646 780 argentum,
1682 730 1757 770 sed
1801 730 1987 770 retinent

355 814 447 842 esse
480 801 595 854 quod
629 804 764 853 erant,
798 815 996 854 gemmae
1030 803 1143 844 enim
1171 816 1381 855 gemmae,
1422 818 1575 846 aurum
1604 818 1773 847 aurum.
1836 805 1987 855 Quae1

355 891 455 919 vero
488 879 547 919 sic
580 879 814 930 iunguntur
846 892 923 932 per
963 880 1321 933 compositionem
1364 882 1455 922 sine
1497 882 1814 932 commixtione,
1856 895 1985 934 quas-

354 967 522 1008 cunque
568 968 710 996 rerum
744 958 924 998 naturas
957 957 1142 998 retinent
1182 958 1357 1011 suisque
1399 959 1681 1012 imponuntur
1724 959 1984 1011 compositis,

354 1032 462 1074 sicut
496 1034 687 1086 corporis
720 1036 762 1075 et
794 1034 969 1087 spiritus
1001 1037 1158 1076 natura
1191 1048 1277 1076 non
1312 1036 1440 1077 modo
1475 1037 1528 1077 de
1562 1049 1740 1089 corpore
1768 1039 1809 1077 et
1835 1036 1984 1089 spiritu

352 1123 501 1150 verum
549 1110 679 1152 etiam
724 1111 777 1152 de
823 1111 997 1153 homine
1042 1125 1141 1153 vere
1185 1112 1351 1154 dicitur.
1426 1112 1576 1154 Omnis
1622 1113 1751 1164 enim,
1796 1115 1843 1154 ut
1886 1112 1986 1153 dicit

353 1187 622 1238 Boethius,
656 1191 813 1229 natura
846 1188 981 1240 partis
1013 1191 1170 1231 natura
1203 1190 1346 1232 totius,

494 1264 644 1314 Quae?
676 1267 823 1325 autem
857 1278 934 1318 per
966 1265 1102 1306 solam
1130 1266 1338 1307 uniuntur
1364 1266 1697 1319 appositionem,
1726 1267 1784 1308 sic
1812 1266 1984 1319 quidem

352 1340 599 1392 iunguntur,
634 1342 751 1394 quod
784 1342 826 1382 in
859 1342 1043 1383 alterum
1078 1343 1180 1383 nihil
1215 1356 1264 1385 ex
1298 1343 1474 1385 alterius
1508 1343 1731 1396 perveniat
1763 1343 1984 1396 qualitate,

354 1420 400 1458 ut
434 1418 519 1459 duo
554 1431 734 1471 corpora
770 1419 905 1470 nigra,
933 1420 1052 1471 niger
1078 1420 1185 1472 lapis
1213 1420 1311 1461 albo
1339 1420 1469 1473 lapidi
1496 1421 1733 1473 appositus,
1768 1420 1859 1462 loco
1892 1421 1985 1473 qui-

351 1495 449 1536 dem
483 1496 591 1537 alter
623 1496 746 1537 alteri
779 1495 962 1547 iunctus,
1006 1497 1080 1537 secl
1114 1510 1254 1549 neque
1287 1496 1360 1549 qui
1393 1497 1513 1548 niger
1546 1500 1623 1548 est,
1657 1497 1742 1538 albi
1775 1497 1984 1550 qualitate

350 1570 505 1612 dicitur
531 1571 666 1621 albus,
695 1584 835 1624 neque
862 1572 934 1624 qui
962 1572 1097 1623 albus,
1126 1572 1233 1624 nigri
1259 1572 1467 1625 qualitate
1489 1572 1644 1613 dicitur
1666 1573 1799 1624 niger.
1851 1572 1984 1624 Ligno

350 1646 508 1688 ferrum
554 1647 619 1687 vel
664 1659 816 1689 aurum
864 1648 1109 1700 apponitur,
1163 1651 1204 1689 et
1248 1648 1402 1689 dicitur
1446 1647 1527 1689 hoc
1571 1648 1722 1689 habitu
1761 1648 1985 1701 positionis

490 1795 511 1828 2
533 1800 615 1838 pos-t
639 1805 813 1828 conversa
840 1796 922 1830 adsi.
961 1797 986 1828 A
1017 1796 1083 1830 est.
1181 1794 1201 1828 3
1229 1795 1340 1829 fieret.
1370 1795 1432 1829 Ex.
1456 1798 1486 1829 A
1504 1796 1546 1828 Β.
1653 1796 1737 1829 talis
1767 1798 1810 1830 Α.
1907 1806 1985 1829 0011-

348 1852 497 1897 stantia]
533 1855 703 1888 constans
729 1858 771 1887 A.
888 1855 911 1887 4
936 1853 1113 1898 constare]
1148 1856 1373 1888 constantem
1400 1858 1443 1888 A.
1560 1855 1580 1887 6
1616 1866 1740 1889 aurum
1776 1854 1922 1895 scilicetV
1949 1857 1986 1888 et

349 1915 539 1957 argentum
567 1924 631 1947 om.
662 1913 702 1948 B.
800 1912 821 1946 8
849 1913 911 1947 sic.
939 1924 1004 1948 om.
1033 1917 1075 1949 A.
1174 1913 1440 1955 commixtione]
1478 1914 1710 1947 conversione
1740 1916 1779 1948 B.
1878 1915 1898 1947 9
1926 1915 1984 1948 im-

329 1972 550 2017 pertiuntur
578 1972 618 2007 Β.
720 1972 857 2005 15«-16
896 1971 987 2006 alter
1026 1972 1168 2016 quidem
1199 1972 1276 2006 loco
1312 1972 1415 2007 alteri
1439 1974 1481 2007 Α.
1582 1973 1624 2006 16
1658 1972 1719 2006 5οἀ
1746 1973 1847 2017 niger
1883 1974 1985 2017 niger

348 2034 404 2066 est
418 2035 461 2065 A.
555 2030 638 2072 albi]
661 2030 763 2065 albus
781 2033 821 2066 A.
906 2031 946 2065 17
968 2031 1098 2065 dicitur
1118 2043 1182 2066 om.
1200 2034 1242 2066 Β.
1330 2031 1427 2075 ligno
1451 2033 1543 2066 ΘΗΖ).
1564 2030 1700 2075 lignum
1717 2035 1744 2066 A
1769 2032 1923 2076 litigium
1944 2035 1983 2068 B.

350 2091 392 2125 18
419 2091 551 2125 ferrum
580 2089 636 2124 vel
663 2101 787 2124 aurum
816 2091 848 2123 B
877 2091 970 2125 Gilb.
998 2091 1091 2124 ferro
1118 2090 1176 2124 vel
1203 2102 1288 2124 auro
1304 2095 1346 2126 A.
1444 2090 1509 2125 1100
1537 2102 1601 2125 om.
1626 2092 1666 2125 B.

491 2229 500 2245 ¹
528 2227 787 2268 Gilbertus,
827 2226 864 2262 L.
892 2238 922 2261 0.
949 2238 981 2271 p.
1012 2225 1167 2262 1381A:
1209 2225 1307 2268 Quae
1335 2237 1418 2260 Vero
1444 2227 1521 2260 sine
1547 2226 1799 2260 commixtione
1826 2226 1866 2260 fit
1890 2238 1983 2260 00111-

347 2288 486 2332 positio,
522 2286 611 2331 19515
637 2285 932 2331 componentibus
958 2296 1042 2319 suas
1068 2297 1298 2330 quascunque
1324 2287 1482 2324 naturas,
1522 2287 1559 2319 et
1584 2287 1623 2319 ut
1649 2285 1793 2319 eaedem
1821 2285 1984 2320 dicantur

347 2348 389 2381 de
424 2346 620 2392 composito
658 2345 755 2383 facit.
788 2345 881 2379 sicut
916 2345 1075 2390 corporis
1109 2347 1145 2378 et
1179 2345 1329 2390 spiritus
1363 2347 1512 2379 naturae
1541 2357 1609 2379 non
1637 2345 1739 2379 modo
1767 2345 1809 2378 de
1835 2356 1981 2390 corpore

347 2408 382 2439 et
407 2405 545 2450 spiritu,
573 2416 697 2439 verum
724 2406 833 2439 etiam
860 2404 903 2438 de
929 2404 1071 2439 homine
1098 2415 1181 2438 vere
1209 2404 1419 2439 dicuntur..
1436 2433 1443 2441 .

489 2463 502 2482 ²
527 2464 774 2504 Gilbertus,
803 2463 841 2499 L.
868 2476 897 2499 0.
930 2475 962 2508 p.
992 2464 1082 2498 1380
1098 2466 1128 2497 A
1156 2475 1255 2508 sqq.:
1296 2464 1356 2497 Ait
1391 2465 1481 2506 (scil.
1517 2464 1698 2506 Boethius)
1735 2462 1839 2504 enim,
1889 2462 1979 2507 quod

346 2523 413 2557 duo
447 2535 594 2568 corpora
630 2523 680 2557 ita
714 2523 782 2557 sibi
809 2523 1083 2567 coniungunt-ur,
1123 2525 1162 2557 ut
1187 2524 1223 2557 in
1249 2522 1401 2557 alterum
1430 2522 1517 2557 nihil
1543 2534 1589 2556 ex
1615 2522 1764 2557 alterius
1791 2522 1981 2567 perveniat

345 2582 542 2626 qualitate.
558 2609 566 2618 .
584 2609 600 2621 .,
611 2582 721 2626 Niger
755 2582 848 2616 enim
884 2575 976 2626 lapis
1011 2581 1090 2616 albo
1116 2581 1226 2626 lapidi
1252 2582 1449 2627 appositus.
1486 2581 1563 2616 loco
1590 2581 1732 2626 quidem
1760 2582 1851 2617 alter
1877 2582 1981 2617 alteri

345 2640 447 2676 iuxta
473 2644 538 2682 est,
565 2641 626 2675 sed
654 2652 769 2685 neque
796 2641 857 2685 qui
882 2641 985 2685 niger
1011 2645 1076 2683 est,
1105 2641 1175 2676 albi
1202 2641 1376 2686 qualitate
1403 2641 1533 2676 dicitur
1559 2641 1671 2683 albus,
1699 2653 1814 2686 neque
1840 2640 1899 2685 qui
1926 2642 1981 2674 est

345 2701 458 2742 albus,
484 2701 579 2744 nigri
609 2700 783 2745 qualitate
811 2700 941 2734 dicitur
967 2700 1079 2744 niger.
1130 2700 1242 2744 Ligno
1265 2703 1383 2735 autem
1410 2701 1541 2734 ferrum
1567 2701 1619 2734 vel
1647 2712 1770 2735 aurum
1784 2691 1981 2745 *apponitur

345 2763 381 2804 et
407 2760 536 2794 dicitur
562 2759 703 2804 quidem
726 2759 960 2804 appositionis
986 2759 1111 2793 habitu
1131 2759 1268 2803 lignum
1292 2760 1406 2804 ipsum
1434 2760 1605 2794 ferratum
1633 2759 1690 2793 vel
1710 2762 1890 2803 auratum;
1918 2759 1979 2793 sed

344 2818 498 2852 nondum
524 2818 610 2852 ferri
637 2818 695 2852 vel
721 2818 797 2852 auri
825 2817 982 2863 qualitas
1008 2818 1234 2862 praedicatur
1254 2818 1296 2852 de
1316 2819 1425 2862 ligno.
1476 2817 1660 2862 Contingit
1681 2818 1854 2852 tamenin
1876 2818 1980 2852 huius

344 2877 436 2911 modi
477 2877 760 2922 appositionibus
792 2877 899 2911 etiam
934 2876 1083 2911 alterius
1116 2877 1159 2911 ad
1186 2877 1338 2911 alterum
1370 2877 1523 2922 quadam
1551 2877 1837 2911 denominatione
1864 2877 1976 2921 quali-

344 2937 431 2970 tatis
460 2948 587 2971 nomen
613 2937 801 2977 transumi,
829 2936 943 2981 ipsam
969 2947 1053 2970 vero
1080 2936 1292 2980 qualitatem
1320 2947 1545 2980 nequaquam
1572 2936 1607 2970 in
1628 2936 1741 2970 altero
1762 2936 1850 2977 fieri,
1883 2937 1978 2970 utin

344 2995 499 3029 vestium
525 3007 588 3029 seu
614 3006 791 3029 armorum
819 2994 1111 3040 appositionibus.
1162 2994 1284 3029 Vestis
1324 2995 1416 3029 enim
1442 2995 1546 3029 sorde
1572 2995 1630 3029 vel
1655 2995 1917 3040 pulchritudine
1943 2997 1979 3028 et

343 3066 520 3088 armorum
559 3054 711 3098 pict-ura,
747 3054 912 3088 sordidus
947 3057 1009 3088 aut
1047 3053 1193 3098 pulcher
1231 3057 1294 3088 aut
1319 3054 1437 3099 pictus
1463 3054 1505 3094 is,
1541 3055 1596 3088 cui
1624 3054 1711 3088 haec
1738 3059 1974 3099 apponuntur,

345 3113 484 3155 dicitur,
512 3125 591 3147 cum
617 3115 739 3147 tamen
766 3113 802 3147 in
829 3112 924 3147 illius
952 3112 1154 3148 substantia
1180 3113 1267 3147 haec
1294 3113 1438 3147 minime
1467 3114 1564 3148 fiant.

2008 744 2027 768 f.

2048 744 2089 769 89.
