2106 3453
320 262 413 297 134*
919 262 1123 296 Sententiae.
1149 262 1358 297 divinitatis.

460 367 513 406 In
547 366 732 418 quibus
766 367 1083 406 remaneant.
1150 365 1302 405 Dicunt
1340 365 1568 417 quidam,
1612 366 1727 417 quod
1770 366 1810 405 in
1855 379 1946 405 cor-

319 455 423 494 pore
456 441 611 482 Christi
645 444 871 482 remanent
905 443 945 481 et
978 441 1169 493 corporis
1202 441 1358 482 Christi
1391 443 1503 482 sunt.
1567 441 1663 481 Non
1690 444 1836 482 tamen
1863 442 1947 482 tale

320 520 384 558 est
418 517 471 559 ad
505 517 742 566 dexteram,
785 517 913 569 quale
944 519 1308 569 repraesentatur,
1343 517 1442 569 quia
1477 517 1703 566 credimus,
1737 517 1853 569 quod
1896 517 1948 557 sit

320 593 508 645 longum,
563 592 762 645 spissum,
817 593 980 633 habens
1035 593 1208 633 easdem
1254 592 1557 643 dimensiones,
1603 606 1710 645 quas
1756 595 1797 634 et
1841 593 1948 633 alius

284 669 464 712 5homo.
528 669 661 709 Sicuti
693 671 790 720 post
823 669 1180 709 resurrectionem
1215 669 1418 721 apparuit
1457 668 1498 709 in
1541 669 1681 721 specie
1722 668 1947 720 peregrini,

321 758 416 786 cum
450 744 700 797 peregrinus
732 757 818 785 non
852 747 978 785 esset.

462 820 562 861 Alii
595 821 787 870 dicunt,
830 821 944 872 quod
979 821 1021 861 in
1054 834 1234 873 corpore
1267 820 1423 862 Christi
1465 834 1551 861 non
1591 823 1830 871 remanent,
1873 821 1947 861 sed

322 897 367 937 in
402 897 719 949 praeiacenti
753 902 888 947 aere,
922 897 1045 938 sicuti
1073 897 1125 937 de
1152 897 1317 948 angelo,
1353 897 1424 949 qui
1452 896 1642 949 loquitur
1668 897 1707 937 in
1737 901 1849 947 aere,
1879 897 1950 948 qui

320 973 489 1014 videtur
522 986 613 1014 esse
646 972 777 1014 homo
811 975 852 1014 et
885 973 1065 1014 formam
1100 973 1283 1013 hominis
1324 973 1496 1023 habere,
1540 986 1634 1013 cum
1678 975 1824 1014 tamen
1864 985 1950 1013 non

268 1065 301 1091 10
322 1052 386 1091 est
417 1049 548 1090 homo
582 1062 659 1090 nec
691 1049 873 1089 formam
902 1049 1087 1090 hominis
1113 1049 1257 1098 habet,
1286 1049 1361 1089 sed
1388 1049 1430 1089 in
1457 1053 1556 1090 aere
1585 1051 1648 1090 est
1677 1049 1813 1089 forma
1840 1049 1949 1089 illa'.

464 1125 603 1167 Solet
660 1126 859 1178 quaeri,
926 1127 1094 1166 utrum
1147 1126 1418 1176 frangatur
1474 1138 1661 1177 corpus
1713 1124 1948 1166 Christi-3.

322 1201 639 1252 Augustinus
673 1202 786 1252 dicit,
829 1202 945 1254 quod
979 1215 1066 1242 non
1098 1200 1319 1252 frangitur.
1386 1201 1562 1241 Videtur
1594 1201 1743 1252 frangi,
1788 1203 1831 1242 et
1862 1214 1949 1241 non
2003 1190 2005 1193 ’

323 1279 543 1330 frangitur.
608 1278 787 1319 Videtur
831 1278 956 1319 atteri
1002 1277 1203 1318 dentibus
1242 1279 1284 1318 et
1335 1290 1421 1318 non
1473 1277 1686 1319 atteritur.
1750 1277 1869 1318 Sicut
1910 1276 1951 1316 in

322 1355 496 1407 speculo
535 1357 717 1407 apparet
756 1354 893 1394 forma
932 1353 1116 1394 hominis
1155 1355 1196 1394 et
1241 1366 1327 1393 non
1372 1355 1518 1393 tamen
1565 1356 1641 1404 est,
1690 1356 1731 1394 et
1774 1353 1952 1394 baculus

270 1450 303 1476 15
323 1431 492 1477 videtur
523 1431 682 1473 fractus
715 1430 756 1471 in
784 1443 898 1483 aqua
938 1432 980 1470 et
1012 1432 1157 1471 tamen
1185 1443 1270 1470 non
1300 1431 1374 1471 est.
1439 1429 1483 1470 Si
1517 1429 1704 1471 dicatur:
1752 1430 1860 1481 Ergo
1888 1431 1953 1469 est

324 1506 378 1548 ibi
418 1507 697 1560 praestigium
731 1507 797 1548 vel
837 1506 1020 1555 delusio;
1066 1506 1221 1546 falsum
1267 1507 1344 1556 est,
1390 1505 1508 1558 quia*
1536 1506 1594 1547 ita
1639 1506 1844 1547 roborata
1891 1507 1953 1546 est

326 1584 502 1625 ecclesia
535 1584 577 1624 in
610 1583 706 1634 fide,
742 1584 857 1636 quod
890 1583 1000 1624 bene
1032 1583 1179 1632 credit,
1214 1582 1314 1634 quia
1348 1595 1434 1623 non
1468 1582 1689 1633 frangitur,
1724 1594 1809 1622 non
1843 1583 1952 1622 atte-

325 1661 445 1711 ritur,
480 1660 557 1702 etsi
590 1660 801 1709 videatur,
843 1658 965 1700 sicuti
990 1659 1182 1700 videmus
1215 1658 1271 1699 ibi
1299 1671 1454 1711 panem
1479 1661 1520 1700 et
1549 1658 1709 1708 vinum,
1744 1660 1785 1699 et
1817 1657 1951 1698 nullo-

326 1737 456 1778 modo
485 1737 543 1777 ibi
576 1739 651 1778 est.

271 1836 305 1860 20
469 1813 552 1854 Sed
587 1812 818 1865 opponitur
850 1812 903 1853 de
937 1812 1206 1864 Apostolo,
1241 1812 1312 1864 qui
1340 1811 1459 1852 dicit:
1501 1810 1647 1851 Nomic
1680 1811 1806 1864 panis
1838 1824 1952 1864 quem

321 1889 573 1944 fraiigtimus,
601 1889 873 1943 participatio
906 1889 1089 1942 corporis
1123 1889 1295 1929 Domini
1327 1892 1394 1940 est,
1434 1890 1473 1928 ‘ci
1505 1888 1666 1927 calicem
1698 1900 1814 1941 Quem
1854 1885 1953 1926 bibi-

327 1979 428 2017 mus,
462 1966 771 2006 communicatio
812 1966 815 2016 Ι
856 1966 1074 2018 scmyiiiiiis
1100 1968 1156 2005 est
1184 1964 1237 2018 (l.
1275 1965 1366 2006 Cor.
1396 1966 1463 2016 10,
1488 1963 1594 2017 163?
1632 1962 1759 2004 Item:
1788 1963 1952 2015 Accepit
1967 1973 1985 1998 s.
1999 1974 2046 1999 101
2059 1974 2094 1997 vi.

319 2056 486 2095 panem,
529 2042 691 2095 cratiae
736 2054 870 2093 (lyciis,
914 2041 1042 2095 freyit
1086 2045 1120 2081 et
1170 2041 1280 2081 dedii
1328 2040 1543 2094 discipulis
1592 2040 1690 2079 sciis.
1767 2038 1851 2078 Sed
1897 2038 1953 2078 ibi

326 2117 536 2170 accipitur
571 2117 794 2168 ,frangere‘
830 2131 907 2169 pro
944 2120 1205 2169 ,exponere‘;
1241 2117 1377 2169 fregit,
1413 2117 1454 2157 id
1489 2119 1552 2157 est
1587 2115 1799 2168 exposuit,
1833 2114 1954 2155 iuxta

467 2234 488 2267 2
537 2234 745 2266 remaneant
760 2234 800 2266 Β.
870 2231 889 2265 3
914 2237 993 2275 pos-7⁴
1019 2233 1074 2264 est
1094 2233 1177 2265 mid.
1198 2233 1230 2264 B
1256 2230 1302 2264 ibi
1331 2242 1405 2265 nec.
1474 2229 1569 2274 quia]
1586 2232 1621 2263 et
1639 2231 1677 2264 B.
1742 2229 1761 2262 9
1787 2228 1896 2262 habet
1910 2231 1953 2261 A.

331 2294 370 2327 15
387 2293 483 2327 dicas
498 2295 540 2326 Β.
602 2292 643 2325 18
666 2297 746 2335 post.
766 2291 813 2325 ibi
835 2293 917 2324 add.
936 2293 965 2324 Β
980 2302 1070 2324 esse.
1133 2290 1177 2323 22
1202 2296 1280 2333 post
1301 2290 1384 2323 item
1406 2292 1489 2323 add.
1506 2290 1538 2322 B
1558 2291 1604 2324 et.
1667 2289 1710 2322 24
1732 2289 1765 2322 id
1781 2288 1850 2332 est]
1864 2290 1898 2321 et
1912 2290 1952 2322 B.

472 2408 480 2425 ¹
508 2410 570 2442 SS.
599 2407 633 2440 L.
662 2418 706 2442 e:
748 2406 823 2439 Non
851 2406 943 2439 enim
972 2416 1159 2449 possumus
1186 2404 1311 2444 dicere,
1346 2404 1436 2448 quod
1465 2404 1537 2437 sint
1564 2404 1597 2437 in
1625 2403 1827 2437 substantia
1854 2403 1955 2446 panis

328 2471 364 2501 et
390 2467 473 2506 vini,
507 2479 585 2500 cum
612 2478 680 2500 non
706 2466 779 2499 sint
805 2466 852 2499 ibi
878 2465 1080 2499 substantia
1107 2464 1208 2508 panis
1235 2466 1271 2497 et
1298 2463 1380 2503 vini,
1417 2464 1479 2497 sed
1505 2475 1629 2497 verum
1656 2474 1783 2507 corpus
1809 2462 1953 2501 Christi,

328 2539 392 2561 nec
429 2526 600 2560 audemus
638 2525 764 2565 dicere,
801 2525 894 2569 quod
930 2524 1039 2558 insint
1074 2523 1209 2567 corpori
1248 2522 1390 2556 Christi.
1442 2523 1520 2556 Non
1556 2523 1648 2556 enim
1684 2522 1792 2555 habet
1827 2533 1954 2566 corpus

329 2586 462 2620 Christi
488 2585 674 2619 rotundam
702 2585 851 2627 figuram
879 2584 915 2617 in
941 2595 989 2624 se,
1017 2583 1079 2617 sed
1107 2582 1246 2626 qualem
1274 2582 1309 2615 in
1336 2582 1464 2616 iudicio
1491 2582 1602 2616 visuri
1629 2593 1761 2615 sumus.
1804 2581 1870 2614 Sed
1898 2581 1953 2614 cui

328 2657 449 2680 creare
476 2645 517 2678 de
543 2643 653 2678 nihilo
680 2646 715 2677 et
740 2644 931 2677 formatum
959 2644 994 2675 et
1020 2642 1170 2675 formam
1196 2641 1265 2674 fuit
1291 2641 1404 2679 facile,
1435 2643 1572 2674 mutare
1600 2641 1788 2674 formatum
1816 2643 1851 2673 et
1878 2651 1956 2673 con-

329 2716 472 2738 servare
499 2704 647 2737 formam
674 2715 743 2736 non
769 2703 838 2736 erit
864 2701 1009 2735 difficile
1037 2706 1070 2734 et
1097 2703 1137 2734 ut
1162 2703 1303 2744 praeter
1336 2700 1549 2733 sustantiam
1576 2700 1761 2739 subsistat,
1800 2700 1952 2732 efficere.

471 2762 483 2780 ²
509 2762 608 2796 Haec
634 2764 690 2796 est
715 2761 894 2796 sententia
919 2761 1041 2795 Petri
1067 2759 1316 2793 Abaelardi.
1368 2759 1430 2793 cf.:
1459 2760 1621 2802 Epitome
1647 2771 1675 2793 c.
1703 2759 1746 2792 29
1770 2758 1851 2799 (PL.
1877 2759 1953 2797 178,

332 2822 420 2856 1743
436 2822 495 2863 D):
537 2821 571 2856 Si
599 2822 690 2855 enim
718 2820 880 2854 nolumus
907 2820 1034 2860 dicere,
1067 2819 1160 2863 quod
1186 2819 1282 2852 illius
1307 2819 1464 2862 corporis
1489 2818 1537 2852 sit
1562 2818 1651 2851 haec
1678 2818 1800 2857 forma,
1835 2829 1955 2861 possu-

330 2893 408 2915 mus
433 2881 523 2915 satis
549 2880 675 2920 dicere,
710 2879 800 2924 quod
828 2880 864 2913 in
890 2884 970 2913 aere
998 2879 1045 2912 sit
1070 2879 1131 2912 illa
1156 2878 1270 2911 forma
1297 2877 1340 2911 ad
1374 2877 1645 2911 occultationem
1679 2879 1823 2922 propter
1858 2888 1954 2921 prae-

331 2941 461 2974 dictam
498 2940 615 2973 carnis
642 2942 677 2973 et
703 2938 889 2982 sanguinis
915 2940 1108 2979 reservata,
1149 2937 1266 2971 sicut
1296 2937 1434 2970 forma
1468 2936 1653 2970 humana
1679 2937 1718 2970 in
1747 2941 1843 2970 a'e're
1870 2939 1952 2977 est,

331 2999 500 3043 quando
528 2998 711 3041 angelus
738 2998 778 3031 in
806 2997 975 3031 homine
1002 2998 1192 3041 apparet.
1234 2996 1278 3029 cf.
1306 2995 1439 3036 Gietl,
1468 2995 1505 3031 L.
1532 3007 1559 3031 0.
1587 3007 1619 3040 p.
1647 2995 1731 3035 234;
1760 2995 1951 3035 Denifle,

334 3059 462 3092 Archiv
490 3058 515 3097 l,
537 3057 615 3092 433.
667 3057 779 3090 Petr.
807 3056 943 3090 Lomb.
972 3057 1066 3089 Seni.
1092 3055 1114 3089 l.
1141 3054 1202 3089 IV.
1230 3055 1261 3090 d.
1292 3055 1342 3088 12.
1371 3066 1399 3089 c.
1426 3054 1459 3090 3.

473 3115 485 3133 ³
511 3118 573 3151 SS.
612 3116 669 3157 VI,
705 3115 726 3150 8
765 3116 847 3159 (144
867 3115 924 3158 C);
970 3114 1107 3150 Lomb.
1148 3116 1241 3148 Sciit.
1277 3114 1299 3149 1.
1336 3114 1395 3147 IV.
1424 3114 1455 3149 d.
1486 3114 1537 3148 12.
1574 3126 1602 3148 c.
1630 3114 1666 3156 2;
1713 3113 1953 3154 Rolandus,

331 3187 362 3220 p.
391 3176 459 3210 223
480 3187 532 3220 sq.
