2106 3453
858 225 1043 269 Prologus.
1720 223 1764 256 ὃ*

134 345 265 385 opera
298 331 590 372 tenebrarum.
656 331 750 371 lure
784 342 883 380 ergo
918 329 999 371 mel
1035 331 1076 370 et
1109 328 1186 378 lac,
1221 327 1342 379 signa
1376 328 1542 378 talium,
1576 341 1601 369 a
1634 327 1764 369 sacri-

131 409 226 450 ficio
268 407 564 460 prohibentur.
628 407 846 447 Primitiae
898 409 1042 448 tamen
1086 405 1221 446 mellis
1264 407 1302 446 et
1349 405 1469 446 lactis
1511 407 1641 457 atque
1684 405 1764 445 fer-

132 484 263 525 menti
312 484 569 525 iubebantur
615 483 755 524 offerri
796 496 881 523 non
926 495 1053 535 super
1095 481 1243 530 altare,
1287 481 1362 522 sed
1395 481 1450 521 ad
1483 481 1618 522 altare
1653 480 1762 534 (Leo.

132 560 282 613 2,1;)),
342 559 442 611 quia
494 559 684 600 carmina
736 561 963 611 poetarum
1017 560 1057 598 et
1108 557 1462 609 philosophorum
1515 556 1628 598 dicta
1678 569 1763 597 non

130 639 307 689 propter
349 649 407 685 se,
452 636 530 677 sed
572 637 748 687 propter
790 634 903 675 aliud
949 633 1106 675 debent
1147 633 1241 685 legi,
1285 633 1444 673 scilicet
1477 634 1523 673 ut
1557 632 1763 674 eruditius

132 714 172 752 et
218 712 442 753 facundius
493 711 663 751 divinae
708 710 891 762 paginae
949 710 1214 750 studeamus.
1291 708 1525 758 Primitiae,
1571 708 1763 760 inquam,

132 788 376 828 offerendae
431 789 543 837 sunt,
590 787 690 839 quia
736 799 820 826 non
878 786 1083 826 debemus
1136 785 1178 825 in
1224 785 1282 826 eis
1327 797 1646 833 consenescere,
1690 783 1763 825 sed

130 863 273 915 potius
316 877 341 904 a
383 863 600 903 liminibus
645 862 846 903 salutare.
912 861 1119 911 Quamvis
1164 861 1438 902 dialectica
1481 873 1565 901 ars
1604 859 1657 900 sit
1701 860 1764 900 iu-

132 940 272 980 cunda
307 941 348 979 et
381 938 619 987 utilissima,
654 938 767 978 unde
801 940 842 978 et
870 938 961 989 ipsa
983 937 1138 978 dicitur
1171 937 1375 988 magistra
1407 937 1578 986 artium,
1618 938 1764 977 tamen

131 1015 228 1056 huic
273 1028 351 1067 pro
386 1015 608 1055 divinitate
641 1014 814 1054 studere
847 1013 1071 1063 debemus,
1113 1013 1185 1053 ubi
1218 1013 1334 1054 salus
1367 1014 1538 1054 animae
1571 1013 1761 1053 docetur.

135 1092 244 1133 Vasa
279 1091 588 1143 Aegyptiorum
635 1090 690 1131 ad
724 1089 1007 1130 imitationem
1056 1089 1236 1129 filiorum
1278 1088 1446 1129 Israelis
1485 1088 1652 1129 auferre
1690 1088 1764 1129 de-

131 1168 282 1208 bemus
327 1167 424 1220 (Ex.
464 1167 530 1218 12,
566 1167 635 1217 35,
670 1165 758 1218 36),
806 1166 905 1218 quia
952 1165 1155 1217 quicquid
1201 1166 1243 1205 in
1283 1165 1343 1205 eis
1384 1165 1507 1205 dulce
1542 1167 1617 1215 est,
1665 1177 1763 1205 cum

131 1243 274 1283 divino
309 1242 479 1294 eloquio
512 1242 705 1283 conferre
738 1254 969 1294 possumus
1003 1244 1044 1281 et
1077 1241 1326 1282 admiscere.

274 1319 358 1360 Sed
393 1322 521 1371 caput
554 1319 660 1359 asini
694 1318 911 1369 octoginta
945 1318 1158 1369 argenteis
1192 1317 1358 1366 emitur,
1405 1316 1580 1369 quando
1612 1316 1765 1357 divinis

132 1396 310 1448 eloquiis
341 1395 588 1446 arrogantia
619 1397 660 1436 et
690 1394 892 1446 superbia
920 1396 1199 1446 comparatur
1219 1407 1269 1434 ac
1290 1394 1540 1446 acquiritur,
1574 1406 1686 1446 quae
1710 1393 1765 1434 ad

132 1474 330 1513 octavam
344 1471 665 1513 resurrectionis
678 1484 756 1511 nos
768 1471 924 1512 ducere
937 1470 1156 1511 deberent.
1181 1470 1265 1511 Sed
1278 1469 1386 1522 proh
1403 1469 1538 1519 dolor,
1554 1472 1764 1522 quantum

132 1548 250 1589 viluit
289 1548 473 1598 dignitas
512 1547 607 1597 ista,
648 1547 832 1598 dignitas
867 1546 1023 1588 scilicet
1058 1546 1184 1587 huius
1217 1546 1456 1599 sapientiae
1490 1548 1531 1586 et
1563 1546 1765 1587 scientiae

132 1625 221 1674 Dei,
267 1624 299 1664 si
344 1638 394 1665 ea
433 1626 567 1676 caput
608 1622 718 1665 asini
756 1624 939 1672 ematur,
983 1623 1023 1663 id
1059 1624 1135 1672 est,
1176 1623 1392 1675 superbia,
1433 1635 1518 1674 qua
1550 1622 1692 1674 potuit
1724 1625 1765 1663 et

131 1701 278 1741 debuit
319 1700 482 1752 acquiri
534 1699 729 1741 caelestis
768 1699 915 1750 gloria.
1000 1699 1164 1740 Horum
1218 1711 1376 1750 magna
1420 1700 1484 1739 est
1522 1698 1659 1751 copia,
1693 1698 1765 1751 qui

131 1779 323 1827 argento,
366 1776 408 1815 id
450 1778 514 1816 est
557 1775 796 1827 theologica
838 1775 903 1816 vel
937 1775 1066 1816 etiam
1109 1775 1193 1816 alia
1235 1775 1426 1824 scientia,
1469 1777 1598 1828 caput
1641 1774 1763 1823 asini,

132 1853 173 1893 id
224 1855 288 1893 est
339 1852 600 1904 superbiam,
647 1853 918 1903 acceperunt,
965 1851 1037 1903 qui
1083 1853 1260 1903 accepta
1300 1851 1474 1891 lucerna
1515 1864 1540 1891 a
1582 1851 1650 1891 via
1691 1851 1764 1892 de-

131 1929 318 1976 viarunt;
372 1928 480 1969 sicut
513 1927 716 1979 magister
748 1927 911 1980 primus
939 1927 979 1968 in
1014 1927 1145 1968 choro
1179 1930 1254 1969 aut
1292 1927 1507 1968 secundus
1545 1940 1636 1968 esse
1663 1940 1765 1968 con-

29 2024 111 2049 1ἯνΠ.
132 2005 282 2054 tendit,
328 2005 435 2046 sicut
480 2005 520 2044 in
567 2004 717 2045 ordine
764 2004 1089 2054 monachorum,
1179 2006 1225 2044 ut
1269 2004 1404 2055 possit
1450 2003 1601 2056 quovis
1636 2004 1764 2044 niodo

132 2081 358 2131 dominari,
394 2081 619 2123 abbaziam
654 2080 836 2133 quaerit.
899 2080 976 2121 His
1009 2080 1129 2121 radix
1164 2080 1358 2121 omnium
1395 2081 1599 2121 virtutum
1629 2081 1763 2132 deest,

132 2157 221 2197 sine
275 2170 360 2210 qua
410 2158 588 2198 scientia
640 2157 761 2199 inflat
809 2158 862 2210 (Ι.
904 2157 994 2198 sz
1037 2159 1076 2206 δ’,
1119 2156 1175 2210 1),
1227 2156 1446 2198 humilitas
1504 2156 1805 2210 hypocritatmz,

131 2233 293 2274 Omnes
338 2233 422 2274 fere
462 2233 516 2275 ad
550 2234 631 2274 hoc
676 2234 851 2275 student
891 2235 933 2275 et
970 2233 1127 2284 legunt,
1171 2235 1217 2273 ut
1251 2233 1497 2285 superbiam
1532 2233 1610 2274 sibi
1645 2246 1764 2273 com-

132 2312 302 2361 parent3
362 2309 447 2350 tere
504 2323 653 2351 omnes
716 2310 771 2351 ad
829 2310 1097 2351 mundanam
1153 2309 1333 2362 gloriam
1391 2309 1457 2349 vel
1499 2309 1555 2350 ad
1597 2310 1762 2350 lucrum

276 2493 291 2525 1
316 2492 462 2535 postiae
477 2494 560 2525 add.
575 2492 605 2525 Β
620 2494 727 2536 atque
741 2491 966 2525 fermentum.
1043 2492 1062 2525 3
1090 2490 1314 2534 iubebantur]
1331 2491 1596 2525 videbanturB.
1660 2491 1679 2524 6
1694 2490 1766 2525 Pri-

132 2551 254 2585 initiae
275 2552 386 2595 igitur
399 2551 524 2585 talium
538 2553 579 2586 Β.
679 2552 697 2584 7
720 2557 801 2594 post
817 2553 900 2585 sunt
915 2553 996 2585 add.
1011 2552 1040 2583 R
1052 2552 1094 2584 ad
1111 2551 1234 2586 altare.
1333 2551 1353 2584 8
1374 2556 1456 2594 post
1469 2550 1626 2584 salutare
1642 2553 1724 2584 add.
1737 2553 1766 2584 B

132 2613 168 2644 et
193 2613 337 2659 propter
362 2611 395 2644 id
424 2611 516 2655 quod
550 2610 681 2644 dictum
718 2614 782 2651 est,
816 2622 885 2644 non
912 2612 1056 2655 propter
1084 2622 1121 2644 se
1151 2610 1321 2644 debemus
1348 2612 1525 2654 appetere.
1579 2609 1645 2650 Qui
1673 2609 1765 2643 enim

133 2672 275 2714 propter
310 2681 347 2703 se
381 2670 447 2704 hoc
483 2670 630 2714 appetit,
668 2673 792 2704 contra
829 2670 1047 2714 prohibitum
1084 2669 1153 2703 niel
1192 2671 1227 2703 et
1262 2669 1317 2702 lac
1343 2671 1379 2702 et
1412 2669 1625 2702 fermentum
1661 2670 1766 2703 sacri-

132 2729 252 2763 ficium
288 2729 376 2763 facit
411 2732 447 2763 et
481 2741 588 2773 super
632 2729 744 2763 altare
782 2729 939 2774 imponit.
1089 2728 1331 2769 Quamvis..,
1362 2739 1550 2772 possumus
1587 2730 1621 2761 et
1660 2728 1766 2761 admi·

133 2799 231 2822 scere
246 2800 296 2822 om
316 2791 356 2823 B.
457 2790 500 2822 14
517 2789 594 2822 -16
622 2788 816 2832 Octoginta
837 2800 922 2832 ergo
937 2789 1119 2832 argenteis
1134 2790 1242 2832 caput
1258 2787 1346 2821 asini
1363 2787 1502 2827 emitur,
1531 2787 1611 2820 dum
1628 2787 1764 2832 eloquio

134 2848 274 2882 divinae
308 2848 531 2892 eloquentiae
568 2860 608 2882 ac
635 2848 833 2892 sapientiae
859 2848 903 2882 ad
930 2850 1093 2882 octavam
1120 2847 1391 2881 resurrectionis
1417 2858 1523 2880 verae
1550 2846 1766 2891 perducente

135 2908 340 2951 arrogantia
375 2910 410 2942 et
446 2907 613 2952 superbia
652 2909 879 2952 comparatur
915 2910 950 2941 et
985 2907 1192 2951 acquiritur.
1244 2906 1311 2940 Sed
1348 2906 1417 2940 heu
1457 2908 1694 2950 quantum...
1724 2909 1765 2940 B.

137 2966 178 3000 15
204 2978 294 3011 quae
309 2969 451 3010 scripsi,
471 2967 530 3011 qui
545 2970 585 3000 Α.
663 2967 705 3001 18
732 2967 848 3011 capite
864 2969 907 3001 A.
984 2966 1121 3000 19—25
1144 2966 1333 3000 Horum...
1355 2965 1540 2999 humilitas
1560 2965 1767 3009 hypocritat

135 3037 197 3059 om.
226 3027 267 3061 B.
365 3025 410 3060 26
436 3025 599 3060 Peccatis
625 3026 757 3060 nostris
783 3025 1011 3068 exigentibus
1037 3025 1113 3060 fere
1139 3025 1182 3058 ad
1209 3024 1342 3058 hoc...
1372 3027 1414 3059 Β.
1512 3024 1555 3057 27
1589 3035 1767 3069 compara-

134 3086 213 3117 rent
235 3087 275 3118 Β.
370 3090 450 3128 post
475 3096 598 3119 omnes
624 3087 706 3118 add.
733 3087 760 3118 B
786 3085 853 3119 vel.

1789 1028 1818 1052 lo

1788 1406 1818 1431 15

1785 1791 1818 1815 20
