2106 3453
318 245 364 278 44
912 240 1117 272 Sententiae
1144 239 1359 271 divinitatis.

321 347 395 387 sed
421 347 463 386 in
491 350 588 385 aere
616 346 680 384 est
707 343 846 383 forma
872 342 955 383 illa‘
993 342 1052 396 (S.
1074 341 1185 382 134*
1205 341 1247 382 Z.
1267 341 1323 394 7).
1375 340 1472 380 Dies
1505 340 1559 380 ist
1591 340 1666 380 der
1692 340 1850 379 neunte
1880 338 1955 377 der

320 436 405 463 von
438 421 672 462 Wilhelm
704 433 801 460 von
834 419 900 460 St.
935 419 1149 471 Thierry
1194 417 1483 458 Zensurierten
1516 416 1640 457 Satze
1673 414 1953 456 Abalards:

322 499 462 550 ,Quod
494 499 536 538 in
569 498 839 538 sacramento
874 495 1018 535 altaris
1051 495 1099 535 in
1133 499 1247 534 aere
1280 495 1541 534 remaneat
1574 492 1735 533 forma
1767 490 1955 544 prioris

323 575 656 617 substantiae
676 574 703 614 1.
775 572 915 613 Grofize
954 565 1225 612 Ahnliehkeit
1264 571 1340 610 mit
1379 570 1477 610 dem
1509 569 1725 610 VVortlaut
1766 569 1841 608 der
1884 567 1956 607 SD

323 653 445 693 weist
477 653 519 692 in
553 651 713 691 diesem
746 649 913 690 Punkte
947 649 1013 689 die
1047 662 1134 700 sog.
1170 648 1355 701 Epitome
1388 647 1480 687 auf:
1522 646 1579 696 ,Si
1611 646 1723 686 enim
1756 645 1956 685 nolumus

324 730 475 778 dicere,
510 728 627 781 quod
659 728 769 767 illius
797 726 986 778 corporis
1015 726 1067 766 sit
1093 725 1199 765 haec
1226 725 1377 774 forma,
1412 736 1642 776 possumus
1670 722 1772 763 satis
1800 722 1952 770 dicere,

324 807 457 860 quod
498 806 545 846 in
588 810 702 845 a'ere
744 804 807 844 sit
845 803 932 843 illa
969 803 1131 843 forma
1173 802 1227 842 ad
1260 801 1589 842 occultationem
1622 801 1799 851 propter
1831 811 1956 851 prae-

325 885 482 925 dictam
516 895 693 923 causam
725 880 863 921 carnis
897 883 938 920 et
971 879 1187 931 sanguinis
1221 881 1451 927 reservata,
1496 878 1626 918 sicut
1668 877 1829 916 forma
1866 875 1957 915 hu-

326 974 472 1001 mana
513 960 561 1000 in
594 964 708 999 aere
742 960 835 1007 est,
884 956 1086 1010 quando
1127 956 1336 1007 angelus
1368 955 1417 995 in
1448 954 1650 995 homine
1685 954 1957 1005 apparet‘2.

326 1038 494 1078 Ebenso
547 1036 681 1077 findet
731 1035 820 1075 sich
871 1034 985 1074 diese
1035 1033 1215 1074 Ansicht
1264 1032 1331 1073 bei
1383 1031 1691 1079 Omnebene,
1751 1030 1833 1069 den
1885 1028 1951 1069 St.

324 1115 592 1156 Florianer
625 1113 817 1154 Senten
833 1112 953 1152 Ζ6113
985 1110 1074 1151 und
1105 1110 1173 1150 bei
1205 1110 1387 1149 Petrus
1420 1107 1784 1149 Lombardus&

466 1191 542 1231 Die
573 1189 769 1242 folgende
795 1189 930 1240 Frage
962 1187 1139 1228 handelt
1172 1200 1256 1227 von
1289 1186 1363 1227 der
1395 1185 1543 1226 fractio
1572 1184 1762 1237 corporis
1788 1183 1956 1223 Christi.

327 1270 411 1310 Der
432 1268 652 1309 Verfasser
677 1267 731 1307 ist
756 1266 822 1306 fiir
849 1265 915 1305 die
939 1264 1189 1305 scheinbare
1210 1263 1455 1314 Brechung:
1493 1262 1823 1314 ,Augustinus
1845 1260 1957 1309 dicit,

328 1346 445 1400 quod
486 1358 573 1385 non
614 1343 834 1395 frangitur.
898 1342 1076 1382 Videtur
1116 1341 1252 1392 frangi
1294 1343 1335 1380 et
1373 1353 1460 1380 non
1498 1339 1717 1391 frangitur.
1783 1338 1960 1378 Videtur

329 1423 454 1464 atteri
487 1421 685 1462 dentibus
719 1423 760 1461 et
792 1433 879 1460 11011
913 1419 1122 1460 atteritur.
1181 1418 1299 1458 Sicut
1330 1418 1371 1457 in
1405 1416 1577 1469 speculo
1612 1418 1793 1468 apparet
1824 1415 1962 1455 forma

328 1499 513 1541 hominis
547 1501 589 1539 et
620 1511 707 1538 non
739 1500 886 1537 tamen
919 1498 995 1546 est,
1030 1498 1072 1536 et
1103 1495 1281 1535 baculus
1314 1494 1481 1534 videtur
1512 1493 1672 1533 fractus
1705 1493 1747 1532 in
1781 1505 1895 1544 aqua
1921 1494 1963 1532 et

331 1580 477 1618 tamen
509 1589 596 1616 non
630 1577 705 1615 est‘
743 1574 802 1627 (S.
830 1573 941 1614 134κ
968 1573 1009 1614 Z.
1037 1572 1120 1626 11).
1183 1572 1307 1612 Aucli
1341 1571 1406 1611 die
1440 1571 1833 1622 entgegengesetzte
1860 1569 1961 1609 Mei-

328 1667 445 1705 nung
467 1652 576 1693 wird
603 1651 849 1703 angefuhrt:
886 1650 981 1700 ,Alii
1008 1649 1166 1699 dicunt,
1195 1648 1311 1701 quod
1337 1660 1435 1688 vere
1462 1646 1669 1698 frangitur
1696 1649 1737 1686 et
1764 1646 1962 1686 dentibus

331 1731 528 1771 atteritur
555 1732 596 1770 et
622 1728 883 1780 irrefrigibile
910 1729 1069 1777 manet,
1096 1726 1212 1779 quod
1238 1725 1493 1765 miraculum
1520 1726 1595 1764 est‘
1626 1723 1685 1776 (S.
1708 1723 1817 1764 135*
1844 1723 1886 1763 Ζ.
1904 1722 1961 1776 7).

332 1808 408 1849 Die
451 1807 520 1848 SS
557 1806 625 1855 Vl,
649 1807 673 1846 8
722 1804 888 1859 (1416)
935 1804 1025 1845 lafat
1069 1804 1135 1844 die
1175 1803 1311 1854 Frage
1353 1801 1711 1842 unentschieden:
1766 1800 1962 1850 ,Credere

330 1886 540 1934 iubemur,
576 1884 649 1924 sed
683 1883 893 1923 discutere
926 1881 1232 1934 prohibemurf

472 1961 547 2001 Die
579 1959 911 2010 Untersucliung
954 1959 1060 1998 iiber
1102 1959 1420 1998 sacramentum
1462 1955 1551 1995 und
1592 1968 1658 1995 res
1692 1954 1961 2001 sacramenti,

332 2040 398 2080 die
442 2039 484 2079 in
530 2038 611 2078 den
662 2037 734 2077 SD
771 2037 876 2086 jetzt
917 2036 1032 2087 folgt.
1078 2035 1153 2075 hat
1198 2034 1263 2074 die
1299 2033 1367 2073 &S
1406 2033 1538 2073 schon
1577 2032 1733 2072 1011161-
1772 2031 1960 2082 erledigt.

330 2117 515 2157 Unserm
539 2116 679 2155 Autor
712 2113 1011 2165 eigenti'imlicl]
1044 2113 1097 2152 ist
1130 2112 1196 2151 die
1222 2111 1375 2162 Frage:
1413 2110 1459 2159 ,si
1493 2109 1691 2150 omnibus
1725 2108 1962 2149 conceden-

333 2194 435 2234 dum
475 2193 527 2233 sit
564 2192 646 2232 hoc
686 2192 1032 2231 sacramentumf
1103 2189 1157 2229 Er
1190 2188 1273 2228 will
1307 2188 1383 2227 das
1418 2186 1675 2227 Sakrament
1715 2185 1965 2236 verweigert

332 2271 487 2311 wissen
519 2283 600 2310 nur
633 2269 715 2309 den
759 2267 1016 2319 ,evangelica
1048 2266 1153 2306 falce
1186 2265 1393 2317 praecisr,
1437 2264 1476 2304 d.
1510 2263 1551 2304 11.
1587 2263 1669 2303 (1611
1702 2262 1964 2302 Exkommu-

333 2348 548 2388 nizierten.
595 2346 685 2386 Den
719 2345 939 2386 schweren
961 2343 1158 2384 Stindern
1190 2343 1256 2392 ist,
1291 2355 1417 2382 wenn
1450 2341 1508 2381 sie
1535 2353 1579 2380 es
1609 2340 1852 2391 verlangen,
1888 2339 1964 2378 das

334 2424 592 2465 Sakrament
633 2436 683 2463 zu
727 2422 931 2474 spenden,
977 2433 1103 2460 wenn
1146 2432 1189 2459 es
1231 2419 1359 2458 11111611
1402 2417 1511 2457 auch
1554 2430 1627 2456 Zur
1666 2415 1965 2456 Verdamnmis

335 2501 541 2553 gereicht3
577 2501 635 2541 sie
669 2499 803 2540 sollen
837 2499 939 2539 aber
972 2511 1045 2537 zur
1077 2496 1196 2537 1311116
1229 2496 1427 2536 ermahnt
1460 2494 1633 2534 werden
1651 2494 1678 2534 5.

479 2603 490 2621 1
518 2605 651 2644 Bach,
679 2615 710 2636 (ι.
733 2614 765 2636 α,
791 2604 827 2635 Ο.
856 2603 888 2634 S.
917 2603 971 2642 88,
1000 2601 1039 2632 Α,
1068 2602 1099 2631 8.

479 2662 491 2680 '²
517 2664 681 2706 Epz'tome
707 2662 807 2695 theol.
836 2661 958 2693 christ.
985 2670 1012 2691 6.
1042 2661 1096 2691 29.
1148 2659 1213 2690 PL.
1238 2660 1315 2695 178,
1344 2660 1433 2689 1743
1450 2659 1489 2689 D.

480 2721 491 2739 ²³
518 2724 622 2762 Mag.
639 2722 869 2752 Rolandus
889 2721 943 2751 ed.
961 2719 1094 2759 Gietl,
1118 2719 1149 2750 S.
1167 2720 1244 2758 234,
1267 2718 1306 2748 A.
1324 2719 1384 2756 113
1414 2717 1607 2756 Denifle,
1637 2716 1769 2748 Archiv
1784 2716 1811 2756 I,
1840 2716 1964 2747 S.433.

478 2781 491 2798 ⁴
518 2785 604 2813 sent.
632 2782 654 2813 1,
684 2782 744 2821 IV,
773 2782 806 2811 d.
836 2782 888 2811 12.
918 2789 945 2811 c.
975 2781 1004 2810 3.

480 2840 491 2857 '³
518 2841 599 2881 ,Qui
620 2841 771 2880 indigne
792 2840 978 2878 accedunt,
1003 2840 1086 2869 sunt
1108 2837 1176 2877 illi,
1201 2836 1264 2875 qui
1288 2846 1370 2867 611111
1389 2836 1483 2866 Iuda
1506 2835 1616 2866 unius
1640 2834 1804 2866 criminis
1831 2834 1965 2865 conscii

338 2902 396 2932 vel
422 2901 593 2940 pluribus
620 2900 751 2939 polluti
778 2902 811 2930 et
836 2899 875 2929 in
902 2896 1090 2937 proposito
1118 2898 1353 2935 perseverant
1379 2894 1566 2934 peccandi.
1604 2894 1685 2925 Istis
1707 2893 1857 2932 quidam
1881 2902 1964 2924 eon-

338 2961 540 2992 cedendum
567 2963 627 2998 est,
661 2959 690 2990 si
717 2959 862 2997 instant,
895 2957 963 2988 nisi
998 2957 1089 2987 forte
1121 2955 1192 2986 sint
1218 2954 1431 2994 evangelica
1462 2954 1554 2985 falce
1586 2953 1753 2992 praecisi,
1782 2955 1815 2983 et
1840 2955 1890 2983 est
1917 2953 1966 2983 eis

339 3009 385 3050 ad
413 3019 685 3052 damnationem
713 3019 781 3049 hoo
807 3018 1085 3048 sacramentum.
1131 3014 1304 3045 Monendi
1331 3016 1415 3044 sunt
1440 3013 1498 3044 isti
1524 3013 1623 3052 tales,
1651 3012 1712 3043 sed
1740 3021 1813 3042 non
1840 3014 1890 3042 est
1916 3012 1967 3042 eis

340 3078 563 3118 negandum‘
591 3078 652 3110 SD
673 3078 705 3109 S.
724 3078 789 3107 136
812 3077 847 3107 Z.
865 3077 918 3106 31.
959 3074 1123 3105 Dieselbe
1144 3073 1294 3104 Ansieht
1318 3073 1434 3104 findet
1453 3072 1530 3103 sich
1551 3072 1609 3102 bei
1631 3071 1822 3110 Gilbert,
1852 3071 1966 3112 Epist.

340 3139 387 3170 (αἱ
415 3138 541 3170 Matth.
570 3137 680 3169 abbat.
709 3137 788 3175 (PL.
819 3136 895 3174 188,
926 3135 1013 3166 1258
1031 3134 1083 3175 A).
