2106 3453
278 1009 309 1033 10

278 1387 308 1410 15

330 204 351 235 4
361 199 378 219 *
930 200 1134 236 Sententiae
1163 200 1373 236 divinitatis.

333 305 557 346 Trinitatis
591 307 632 347 et
664 319 738 345 sex
766 318 896 357 opera
930 305 1250 347 misericordiae
1283 305 1414 346 corda
1447 307 1717 346 terrenorum
1750 318 1837 346 non
1870 305 1962 347 irri-

331 383 500 432 gantur,
534 380 679 433 sicque
711 380 759 421 fit
792 381 971 433 penuria
1004 394 1089 421 non
1124 381 1248 433 panis
1276 383 1317 421 et
1350 381 1448 430 vini,
1483 381 1558 421 sed
1578 380 1708 422 verbi
1741 380 1830 422 Dei.

475 456 560 497 Sed
594 456 784 497 additur:
822 460 865 496 ut
896 458 1098 510 octotqzintcc
1124 457 1325 510 cmyemeis
1351 461 1473 510 eaput
1505 457 1616 497 asini
1647 460 1818 496 ematur.
1883 457 1964 497 Per

331 534 514 583 asinum,
549 532 666 585 quod
690 534 752 573 est
774 532 934 573 animal
956 533 1148 582 stultum,
1172 545 1268 573 cum
1290 532 1500 581 oeiatur1,
1535 532 1673 572 omnis
1695 532 1868 573 fatuitas
1900 532 1963 572 in—

330 608 542 660 telligitur,
585 609 703 649 cuius
745 611 873 661 caput
905 609 1119 661 superbia.
1184 609 1308 650 Unde
1340 609 1506 659 legitur,
1541 609 1657 661 quod
1691 609 1743 650 de
1776 608 1963 649 exercitu

330 685 559 726 Absalonis
601 686 697 738 plus
736 685 961 727 devoravit
1002 686 1139 727 bestia
1184 685 1319 726 saltus
1364 699 1495 737 quam
1538 685 1705 736 gladius
1751 685 1830 739 (H.
1865 685 1962 739 Regs.

332 764 400 813 18,
424 761 481 816 8).
545 762 627 802 Per
671 765 911 813 argentum,
959 762 1074 814 quod
1107 762 1218 802 inter
1250 765 1393 804 cetera
1427 762 1600 802 metalla
1635 762 1790 803 clarius
1823 764 1962 812 sonat,

329 837 520 878 divinum
567 838 783 890 eloquium
831 837 1094 888 designatur,
1152 837 1269 890 quod
1314 837 1406 879 aliis
1452 838 1652 879 omnibus
1684 839 1963 890 praeeminet,

329 914 447 956 iuxta
493 913 600 954 illud
645 913 943 954 Canticorum:
1008 913 1090 953 Mel
1134 918 1169 953 et
1213 914 1275 953 lae
1319 913 1390 953 suh
1431 914 1575 967 linqua
1615 928 1786 968 sponsae
1820 914 1962 967 (Cant.

331 990 369 1041 4,
389 989 474 1042 11).
520 989 603 1030 Per
634 989 717 1030 mel
746 992 786 1030 et
813 989 877 1030 lac
903 989 1200 1041 philosophica
1228 989 1445 1041 dogmata,
1480 1003 1590 1042 quae
1618 1003 1739 1030 more
1771 990 1963 1031 humano

329 1065 528 1106 videntur
561 1064 702 1107 dulcia
734 1067 776 1105 et
808 1065 977 1114 suavia3
1021 1065 1135 1106 unde
1168 1065 1392 1106 Salomon:
1431 1065 1512 1106 Mel
1542 1066 1591 1106 de
1625 1065 1745 1106 [abies
1779 1066 1964 1106 mulieris

328 1141 458 1181 stillat
479 1142 620 1193 (Prov.
642 1144 683 1194 ,5)
701 1143 759 1194 3).
796 1141 911 1183 Haec
939 1141 1067 1183 etiam
1097 1141 1175 1181 sub
1200 1141 1345 1192 lingua
1367 1154 1564 1193 sponsae,
1590 1141 1692 1193 quia
1711 1144 1964 1194 comparata

329 1218 483 1259 divinis
523 1218 702 1270 eloquiis
734 1218 894 1258 nullam
930 1218 1236 1270 perfectionem
1271 1217 1545 1258 inveniuntur
1576 1217 1782 1258 conferre.
1846 1217 1963 1258 Haec

330 1294 440 1335 enim
481 1297 578 1335 sunt
620 1294 876 1334 fermentum
917 1296 958 1334 et
997 1293 1075 1343 lac,
1116 1306 1227 1345 quae
1266 1293 1549 1345 prohihentur
1591 1293 1632 1334 in
1666 1294 1798 1335 veteri
1831 1296 1964 1334 testa-

330 1373 476 1412 mento
519 1370 661 1411 offerri
706 1369 817 1423 (Leo.
851 1371 891 1421 2,
918 1369 1003 1422 11).
1081 1370 1243 1411 Amara
1278 1383 1478 1422 namque,
1526 1373 1572 1410 ut
1612 1372 1675 1410 est
1718 1373 1889 1410 acetum
1923 1372 1964 1410 et

330 1446 407 1496 sal,
449 1447 773 1499 praecipiuntur
817 1446 971 1487 offerri.
1036 1446 1160 1486 Unde
1201 1446 1241 1486 in
1275 1446 1486 1487 Levitico:
1534 1446 1590 1487 Ins
1622 1447 1733 1486 omni
1764 1444 1964 1498 sacrificio

328 1523 390 1563 sal
432 1522 574 1575 offeres·
618 1522 729 1577 (Leo.
766 1523 804 1574 2,
832 1522 915 1574 13),
963 1522 1062 1574 quia
1105 1535 1233 1563 omne
1276 1535 1348 1563 cor
1389 1523 1551 1563 bonum
1593 1522 1682 1563 sale
1725 1521 1964 1574 sapientiae

330 1598 458 1640 debet
502 1599 739 1651 conspergi,
787 1601 827 1639 et
872 1598 1027 1648 omnis,
1082 1598 1153 1650 qui
1200 1598 1289 1639 vult
1335 1601 1457 1649 grata
1503 1598 1676 1640 victima
1722 1611 1814 1639 esse
1858 1597 1961 1648 Deo,

330 1675 479 1716 mundi
532 1677 701 1716 recuset
756 1674 1050 1716 blandimenta
1105 1677 1145 1715 et
1201 1674 1289 1715 sale
1346 1674 1582 1727 sapientiae
1640 1676 1963 1726 conspergatur,

275 1764 290 1789 2
332 1754 377 1792 ut
415 1751 474 1792 sic
513 1753 742 1793 arceantur
784 1764 964 1801 vermes,
1011 1753 1052 1791 et
1095 1751 1128 1790 si
1163 1763 1248 1802 qua
1294 1751 1476 1802 putredo
1519 1750 1719 1791 vitiorum
1766 1752 1842 1799 est,
1888 1763 1962 1802 pe-

330 1827 444 1868 nitus
489 1830 781 1869 consumatur.
872 1827 994 1868 Unde
1045 1826 1274 1868 Salomon:
1325 1827 1471 1867 Melior
1520 1831 1575 1867 est
1627 1827 1823 1880 iniquitas
1867 1826 1962 1877 viri,

329 1917 451 1957 qnam
492 1905 639 1944 midaei·
672 1902 922 1955 benefaciens
955 1902 1096 1956 (Eeeli.
1121 1904 1188 1955 42,
1214 1903 1300 1955 14).
1365 1903 1606 1955 Utrumque
1639 1916 1788 1943 sexum
1822 1905 1964 1954 potest

328 1979 460 2020 homo
498 1978 539 2018 in
579 1992 623 2019 se
657 1981 821 2029 notare,
864 1979 896 2019 si
929 1979 1114 2020 attendit
1146 1979 1325 2020 rationis
1358 1979 1557 2030 rigorem,
1591 1992 1702 2031 quae
1744 1981 1808 2020 est
1840 1978 1963 2031 quasi

330 2055 393 2096 vir
425 2055 669 2105 immobilis,
705 2058 746 2096 et
778 2055 998 2096 mollitiem
1034 2055 1339 2104 sensualitatis,
1381 2068 1491 2108 quae
1532 2058 1596 2096 est
1628 2055 1780 2097 mulier
1812 2056 1963 2096 seduc-

276 2148 291 2172 ε
329 2131 426 2173 tilis.
521 2131 606 2173 Sed
663 2132 799 2182 magis
849 2131 1039 2173 amanda
1082 2134 1183 2172 sunt
1227 2131 1340 2182 rigor
1386 2134 1427 2172 et
1480 2131 1710 2173 austeritas
1769 2131 1961 2181 rationis,

330 2221 441 2261 quae
503 2210 622 2250 amat
677 2207 881 2257 ieiunare,
932 2207 1120 2259 vigilare,
1181 2208 1413 2256 continere,
1465 2207 1660 2257 studere,
1707 2220 1819 2259 quae
1863 2210 1963 2248 sunt

330 2285 491 2326 fructus
535 2284 653 2334 lucis,
695 2296 824 2336 quam
859 2284 1093 2333 temeritaS,
1135 2283 1364 2325 blandities
1396 2283 1701 2333 sensualitatiS,
1745 2296 1855 2335 quae
1889 2296 1962 2324 cu-

331 2361 453 2415 piunt
509 2359 731 2412 splendide
786 2360 962 2411 epulari,
1020 2373 1172 2400 somno
1211 2359 1394 2410 gravari,
1441 2359 1659 2407 luxuriari,
1705 2372 1817 2412 quae
1863 2362 1963 2400 sunt

471 2475 491 2508 3
518 2474 638 2509 addito
661 2478 704 2508 A.
837 2475 856 2507 5
884 2474 1054 2508 Unde...
1083 2473 1225 2517 gladius
1246 2476 1274 2506 A
1303 2476 1342 2507 iii]
1367 2485 1478 2516 mmy.
1597 2473 1616 2506 6
1645 2475 1689 2507 In
1722 2476 1754 2506 A
1781 2472 1801 2507 b
1819 2500 1844 2509 ..
1864 2500 1869 2506 .
1897 2485 1914 2507 S
1933 2501 1960 2508 ..

329 2534 422 2569 vola.
533 2534 551 2566 7
576 2539 656 2577 post
683 2535 786 2567 sonat
812 2535 895 2568 add.
917 2533 1043 2567 merito
1060 2535 1101 2566 Β.
1211 2532 1231 2566 8
1260 2532 1481 2575 designatur]
1499 2531 1714 2575 intelligitur
1728 2533 1771 2568 B.
1882 2532 1962 2566 aliis

330 2605 396 2627 om.
411 2595 452 2627 Β.
555 2592 596 2626 10
617 2599 698 2636 post
725 2593 893 2636 dogmata
922 2594 1012 2625 adde
1033 2592 1267 2635 designantur
1289 2593 1339 2624 vel
1356 2591 1618 2635 intelliguntur.
1717 2591 1823 2635 quae]
1843 2592 1903 2635 qui
1920 2594 1960 2626 A.

329 2664 426 2686 more
444 2651 612 2695 humano]
634 2651 755 2686 stultis
766 2654 804 2685 B.
884 2652 924 2685 12
939 2651 1037 2685 Haec.
1052 2651 1169 2684 onmia
1183 2654 1265 2684 sunt
1281 2650 1346 2684 sub
1361 2653 1403 2685 B.
1482 2651 1521 2684 13
1543 2650 1693 2695 eloquiis
1706 2650 1908 2694 theologiae
1919 2652 1960 2686 B.

333 2712 373 2745 17
396 2717 477 2755 post
491 2711 618 2745 offeres
633 2713 714 2745 add.
728 2712 774 2746 B:
799 2711 879 2745 inde
894 2711 1001 2745 etiam
1017 2711 1173 2744 Marcus:
1196 2709 1329 2744 Omnes
1351 2710 1432 2752 igne
1447 2709 1622 2744 salientur
1636 2712 1672 2743 et
1687 2711 1800 2744 omnis
1815 2711 1962 2744 victima

330 2771 404 2805 sale
424 2770 573 2805 salietur
594 2772 723 2811 (Marc.
740 2774 770 2814 9,
787 2772 857 2809 48).
959 2771 999 2804 19
1026 2769 1279 2803 blanditiarum
1306 2770 1448 2803 recuset
1468 2769 1627 2803 fomenta
1643 2772 1683 2803 B.
1777 2775 1858 2812 post
1885 2781 1961 2803 con-

329 2833 521 2875 spergatur
547 2832 628 2864 add.
645 2832 676 2864 B
703 2832 738 2864 et
764 2830 846 2872 igne
872 2829 1114 2863 tribulationis
1140 2840 1218 2862 cuin
1246 2840 1391 2862 necesse
1413 2828 1532 2863 fuerit.
1630 2828 1674 2862 20
1701 2828 1730 2862 si
1758 2840 1827 2872 qua
1853 2828 1962 2862 fuerit

330 2888 478 2933 putredo
501 2889 668 2923 vitiorum
680 2891 721 2923 B.
796 2889 836 2922 21
863 2889 922 2922 Ait
936 2888 1028 2922 enim
1044 2888 1208 2922 Salomon
1221 2890 1263 2921 B.
1345 2887 1388 2921 23
1410 2887 1558 2921 rationis
1572 2887 1668 2930 rigor
1683 2889 1738 2921 est
1752 2888 1905 2931 quasi...
1920 2888 1960 2923 B.

330 2947 373 2982 25
400 2948 518 2992 Magis
550 2949 642 2982 enim
676 2950 795 2982 amata
828 2950 912 2982 sunt
933 2951 974 2984 A.
1074 2948 1117 2981 26
1145 2958 1236 2991 quae
1261 2948 1344 2981 sunt
1371 2958 1489 2980 amare
1522 2948 1561 2980 ut
1594 2949 1649 2980 est
1674 2946 1830 2980 ieiunare
1848 2976 1852 2981 .
1869 2974 1876 2981 .
1894 2975 1900 2981 .
1918 2950 1959 2982 A.

330 3008 473 3041 studere
500 3020 564 3041 om.
586 3009 630 3042 Β.
728 3007 867 3042 27-28
895 3007 994 3051 cupit
1022 3006 1158 3051 epulari
1187 3005 1372 3050 splendide
1400 3008 1505 3039 et...
1528 3007 1569 3040 B.

474 3110 483 3127 ¹
511 3111 613 3152 ocior,
642 3111 733 3145 otior
759 3126 799 3138 z
829 3111 863 3145 in
891 3110 961 3144 otio
989 3121 1077 3150 sum,
1104 3108 1347 3143 Foroellini
1374 3119 1400 3143 s.
1429 3108 1463 3141 h.
1489 3119 1522 3141 v,
