2106 3453
306 1062 338 1086 10

308 1441 340 1467 15

310 2583 344 2608 30

358 259 403 292 42
413 257 428 274 *
954 256 1158 290 Sententiae
1186 255 1396 290 divinitatis.

356 362 555 403 caecatus
600 360 770 401 Domini
805 361 934 410 iussu,
971 374 1021 401 ex
1065 360 1320 401 necessitate
1353 373 1439 400 non
1473 359 1600 409 videt,
1642 372 1739 400 cum
1773 359 1889 404 velit:
1925 358 1982 399 sic

355 436 578 486 Dominus,
601 437 703 477 data
730 436 928 476 libertate
955 435 1116 475 homini
1146 435 1325 476 faciendi
1349 435 1524 484 bonum,
1561 434 1593 474 si
1616 435 1754 484 vellet,
1782 434 1856 474 sed
1884 433 1984 486 quia

357 526 408 553 ex
449 513 589 564 prima
622 512 844 553 voluntate
887 511 941 551 ad
975 511 1136 552 malum
1171 511 1355 559 divertit,
1399 511 1582 562 gratiam
1617 523 1738 550 suam
1773 509 1985 550 subtraxit

356 589 407 638 ei,
440 591 487 629 ut
519 602 616 629 cum
650 588 750 628 velit
782 601 869 628 non
902 600 1093 639 peccare,
1128 600 1213 627 non
1247 586 1394 639 possit.

499 664 590 705 Hoc
633 677 766 715 genus
811 676 977 715 poenae
1019 663 1135 704 omni
1168 676 1393 715 personae,
1437 662 1644 714 quamdiu
1678 662 1717 702 in
1752 662 1832 703 bac
1864 675 1984 714 pere-

357 741 550 792 grinatur
582 740 754 781 civitate
786 740 990 780 inflictum
1027 741 1103 788 est,
1138 739 1228 780 solo
1256 739 1426 780 Christo
1461 741 1651 791 excepto.
1716 738 1808 780 Hoc
1836 738 1983 779 vitium

358 818 483 857 vocat
516 816 801 868 Apostolus
835 816 969 867 legem
1004 815 1312 865 membrorum,
1348 828 1477 867 quam
1507 815 1720 856 sentiebat
1747 828 1986 867 repugnare

357 892 562 933 membris
603 891 691 932 suis
734 892 867 944 (Rom.
905 891 1052 944 ‘7,;).³>’).
1116 891 1257 932 Unde:
1313 891 1400 945 Eyo
1441 891 1547 945 quod
1587 890 1691 939 nolo,
1734 904 1809 944 ayo
1852 890 1984 944 (Rom.

360 968 509 1021 7220),
544 968 616 1008 ait.
690 967 756 1007 Ad
799 970 965 1008 tantam
1019 967 1132 1008 enim
1176 967 1305 1007 'nomo
1349 966 1637 1008 diversitatem
1683 966 1883 1008 redactus
1926 969 1989 1007 est

359 1058 409 1086 ex
442 1058 492 1085 ea
526 1043 756 1085 concordia
801 1043 856 1085 acl
896 1056 1027 1096 quam
1060 1043 1198 1084 sactus
1233 1043 1383 1093 fuerat,
1428 1046 1476 1084 ut
1508 1042 1551 1083 id
1583 1042 1700 1095 quod
1737 1042 1989 1083 interfuerat

359 1120 594 1162 secundum
650 1120 949 1161 rationabilem
998 1119 1081 1160 vim
1129 1120 1300 1161 animae
1352 1133 1463 1172 quae
1507 1119 1661 1160 dicitur
1705 1118 1878 1171 spiritus
1922 1119 1987 1159 vel

361 1209 494 1247 mens,
537 1196 580 1237 id
620 1209 705 1237 non
740 1196 840 1237 velit
874 1195 1111 1237 secundum
1144 1195 1386 1237 interiorem
1421 1195 1504 1236 vim
1539 1195 1710 1237 animae
1743 1208 1854 1248 quae
1887 1194 1989 1235 dici-

360 1276 429 1314 tur
472 1272 747 1321 sensualitas;
791 1285 869 1313 nec
914 1271 1005 1325 ipsa
1051 1272 1088 1313 ei
1131 1272 1415 1324 obtemperat,
1462 1271 1535 1312 sed
1569 1284 1681 1324 quae
1713 1271 1753 1311 in
1787 1270 1989 1323 paradiso

359 1348 535 1390 domina
569 1350 673 1397 erat,
707 1347 957 1400 saepissime
989 1350 1219 1400 superatur
1250 1348 1304 1388 ab
1338 1347 1503 1389 ancilla.
1569 1347 1659 1388 Hoc
1685 1346 1835 1388 vitium
1869 1347 1989 1387 Pro-

360 1424 515 1477 pheta
560 1427 686 1465 vocat
731 1424 889 1465 lectum
936 1423 1095 1464 doloris
1114 1425 1139 1473 1,
1186 1423 1228 1464 id
1263 1426 1325 1464 est
1358 1423 1650 1464 infirmitatem
1685 1423 1837 1473 carnis,
1873 1423 1989 1476 quod

360 1501 589 1553 temperari
635 1500 854 1541 remissius
899 1500 1064 1541 urendo
1110 1500 1383 1552 deprecatur;
1429 1500 1657 1541 attendens
1702 1499 1830 1541 etiam
1873 1499 1987 1540 illam

360 1577 615 1619 concordiae
660 1576 943 1618 mutationem
991 1577 1032 1616 in
1079 1576 1252 1617 homine
1296 1577 1467 1627 factam,
1514 1576 1617 1616 dum
1659 1576 1908 1627 vegebilitas
1949 1579 1989 1617 et

361 1654 631 1703 sensualitas,
665 1653 783 1706 prius
816 1652 1034 1694 subiectae
1068 1652 1238 1702 rationi,
1272 1652 1410 1705 ipsam
1444 1652 1713 1704 impugnant,
1747 1652 1828 1694 ait:
1889 1651 1990 1692 Um?-

360 1744 520 1770 versmn
561 1733 735 1770 stratum
780 1730 866 1769 eius
906 1730 1077 1769 versasti
1118 1730 1161 1769 m
1203 1729 1455 1781 infirmitate.
1520 1728 1638 1769 Sicut
1681 1728 1746 1769 hic
1779 1728 1820 1769 in
1854 1731 1990 1770 strato

307 1826 322 1850 ε
362 1807 497 1847 multa
530 1808 779 1847 sternuntur
812 1807 853 1846 et
886 1806 1099 1857 quaedam
1136 1805 1219 1846 alia
1252 1807 1615 1858 superponuntur,
1663 1805 1720 1846 sic
1758 1807 1849 1846 erat
1881 1805 1990 1846 ratio

361 1883 531 1923 duobus
573 1882 844 1934 superposita
884 1882 923 1921 in
958 1881 1174 1933 paradiso,
1210 1884 1256 1922 ut
1290 1894 1511 1933 nunquam
1546 1881 1601 1922 ab
1636 1895 1686 1922 ea
1713 1881 1991 1930 discederent,

361 1959 436 2000 sed
470 1972 639 2011 semper
672 1958 938 2007 oboedirent,
972 1958 1051 1998 nisi
1085 1957 1215 1998 homo
1245 1959 1454 2010 peccaret.
1518 1958 1602 1998 Sed
1636 1970 1686 1998 ex
1720 1970 1805 2010 quo
1838 1971 1990 2010 pecca-

362 2035 432 2083 vit,
467 2034 723 2075 sensualitas
756 2037 980 2086 oppugnat
1007 2033 1175 2083 rationi,
1210 2035 1249 2073 et
1283 2033 1396 2074 illam
1426 2033 1836 2085 praevaricationem
1866 2036 1991 2075 vocat

362 2111 669 2159 infirmitatem,
704 2111 805 2163 quia
838 2124 888 2151 ex
922 2124 971 2151 ea
1005 2111 1144 2151 omnis
1177 2110 1403 2152 infirmitas
1437 2112 1512 2150 est.

504 2187 578 2228 Est
610 2190 651 2228 et
685 2187 799 2228 aliud
832 2199 965 2238 genus
998 2200 1178 2239 poenae,
1227 2189 1272 2227 ut
1307 2187 1453 2236 fames,
1489 2186 1593 2236 sitis,
1627 2186 1767 2236 febris,
1801 2199 1918 2227 mors
1950 2189 1992 2227 et

363 2266 530 2306 ceterae
564 2263 786 2304 molestiae
831 2263 1104 2316 temporales,
1151 2265 1192 2303 et
1225 2263 1307 2304 hae
1341 2262 1454 2303 omni
1489 2275 1701 2315 personae
1734 2262 1992 2304 conveniunt

363 2340 597 2381 secundum
633 2340 821 2392 aliquam
855 2342 1023 2391 partem
1058 2339 1136 2389 sui,
1171 2339 1247 2380 etsi
1281 2352 1367 2379 non
1400 2338 1632 2380 secundum
1670 2352 1830 2379 omnes.

507 2415 615 2455 Sunt
649 2417 690 2455 et
720 2415 829 2456 aliae
856 2428 1023 2466 poenae
1058 2428 1170 2467 quae
1201 2414 1401 2456 dicuntur
1423 2416 1615 2466 peccata,
1638 2414 1795 2455 scilicet
1817 2414 1991 2466 quando

364 2491 600 2532 criminalia
642 2491 871 2531 commissa
914 2504 989 2542 per
1039 2491 1122 2532 alia
1165 2493 1341 2542 peccata
1385 2490 1424 2530 in
1470 2490 1594 2530 nobis
1635 2490 1823 2531 vindicat
1865 2490 1990 2539 Deus,

364 2567 481 2620 quod
514 2566 795 2619 Apostolus
838 2566 1025 2608 ostendit
1067 2566 1119 2607 de
1152 2566 1419 2619 philosophis
1452 2566 1610 2616 dicens,
1651 2566 1750 2618 quia
1784 2580 1865 2606 non
1893 2579 1991 2619 pro-

507 2706 526 2738 2
553 2704 629 2746 sed]
657 2708 692 2738 et
717 2706 759 2738 B.
878 2704 896 2737 7
918 2703 1261 2747 post‘membrorum
1289 2705 1372 2736 adel.
1400 2706 1431 2736 Α.
1460 2706 1504 2738 et„
1620 2703 1640 2736 9
1662 2708 1744 2746 pos-t
1770 2705 1825 2736 est,
1850 2705 1933 2736 add.
1961 2705 1993 2736 B

365 2766 413 2798 ut.
515 2764 556 2799 10
582 2766 622 2797 ut
647 2776 711 2798 om.
728 2765 758 2797 B
856 2775 922 2796 non
950 2762 1042 2807 quod
1069 2763 1162 2796 inter
1187 2763 1305 2796 fuerat
1328 2764 1370 2796 R.
1468 2762 1564 2795 intus
1590 2762 1707 2796 fuerat
1733 2762 1869 2796 scilicet
1890 2761 1992 2796 ratio-

364 2823 480 2857 nalem
509 2827 551 2857 A.
653 2823 693 2856 16
721 2822 933 2857 remissisB.
1031 2822 1233 2864 attendens]
1256 2832 1446 2855 aemonens
1469 2823 1509 2854 B.
1608 2820 1652 2854 20
1679 2820 1803 2863 multa]
1832 2820 1933 2865 plura
1948 2823 1992 2856 A.

366 2882 406 2915 21
448 2882 672 2926 superposita
722 2884 867 2925 scripsi.
914 2882 1098 2926 supposita
1132 2883 1163 2914 A
1194 2882 1236 2915 Β.
1384 2880 1619 2922 discederent]
1671 2880 1917 2914 discordarent
1949 2881 1992 2914 Β.

365 2942 409 2975 24
436 2941 625 2975 infirmitas
652 2941 719 2984 est]
740 2943 795 2974 est
815 2952 878 2974 om.
900 2942 936 2975 Β.
1037 2941 1081 2974 26
1107 2940 1185 2984 hae]
1206 2940 1293 2974 haec
1310 2942 1351 2973 A.
1450 2940 1493 2972 27
1515 2951 1583 2973 non
1610 2951 1674 2973 om.
1701 2940 1742 2975 Β.

512 3065 604 3099 ¹Ps.
643 3066 698 3103 40,
738 3068 778 3100 4:
851 3068 1025 3099 Donamus
1063 3078 1158 3108 opem
1194 3067 1290 3107 ferat
1330 3066 1386 3097 ille?
1421 3076 1529 3107 super
1568 3066 1690 3097 lectum
1727 3065 1862 3097 doloris
1899 3066 1990 3096 eius:

368 3128 570 3159 universnm
595 3130 746 3158 stra-time
775 3127 850 3159 eius·
875 3127 1026 3158 versasti
1052 3127 1088 3157 in
1114 3126 1321 3166 infirmitate
1341 3126 1426 3157 eius.
