2106 3453
616 262 807 297 Tractatus
834 261 859 296 I.
909 261 961 295 De
988 262 1167 295 creatione
1195 260 1326 294 mundi.
1722 258 1788 293 11*

153 369 269 410 dicit:
307 367 532 409 Materiam
560 367 790 407 formatam
818 365 992 414 creavit,
1027 364 1079 405 de
1106 363 1267 405 causali
1294 364 1433 404 forma
1461 363 1786 415 intelligendum

154 448 230 487 est.
307 445 415 486 Cum
461 445 606 485 autem
653 443 823 484 dicitur:
880 442 1003 482 Prius
1050 440 1275 481 materiam
1323 443 1365 481 et
1408 443 1561 492 postea
1606 441 1787 482 formam

154 522 267 572 facit,
308 522 361 562 de
400 520 552 561 visibili
580 520 719 560 forma
762 518 1082 569 intelligendum
1124 519 1199 558 est.
1264 517 1387 557 Unde
1415 517 1789 568 Augustinus1:

156 599 289 662 ,Sicut
346 598 388 639 in
445 610 580 649 grano
627 595 855 638 causaliter
899 595 1046 636 omnia
1098 597 1140 635 et
1185 594 1453 635 invisibiliter
1498 596 1633 643 erant,
1680 607 1792 645 quae

153 678 251 729 post
292 688 369 729 per
411 676 631 715 momenta
677 687 727 714 ex
759 672 830 713 illo
863 672 1130 725 prodierunt,
1174 671 1232 713 ita
1266 671 1306 711 in
1342 671 1436 723 ipsa
1469 671 1652 712 materia
1685 683 1787 712 cau·
1828 686 1844 710 ε»

154 753 300 794 saliter
334 754 375 793 et
407 751 674 792 invisibiliter
708 752 846 798 erant,
891 763 1003 802 quae
1047 762 1098 790 ex
1130 762 1180 790 ea
1215 748 1434 789 visibiliter
1467 750 1791 801 apparuerunt.‘

297 830 491 871 Gontra2
531 828 776 881 praedictas
828 840 926 878 ergo
974 826 1162 867 rationes
1202 838 1435 878 possumus
1481 825 1634 875 dicere,
1677 824 1793 877 quod

155 921 229 949 sex
273 906 424 948 diebus
469 905 661 946 distinxit
708 906 819 946 Deus
873 917 1019 956 opera,
1075 916 1186 955 quae
1244 903 1286 943 in
1344 905 1565 943 momento
1622 904 1794 955 poterat

157 985 311 1034 facere,
363 997 449 1024 non
495 984 673 1035 propter
717 995 855 1032 suain,
908 994 1019 1033 quae
1068 980 1185 1022 nulla
1230 983 1307 1030 est,
1353 979 1668 1032 impotentiam,
1719 979 1794 1020 sed

157 1064 334 1115 propter
386 1060 665 1102 rationalium
718 1062 1015 1101 creaturarum
1072 1057 1397 1098 instructionem
1441 1059 1483 1097 et
1536 1057 1794 1109 exemplum.

157 1139 268 1180 Nam
313 1138 392 1179 etsi
436 1140 538 1178 tunc
584 1150 670 1177 non
705 1139 829 1186 esset,
872 1137 964 1176 erat
997 1137 1144 1176 tamen
1178 1134 1346 1175 futurus
1379 1134 1524 1183 homo,
1568 1134 1634 1175 cui
1675 1146 1796 1174 reve-

159 1216 289 1258 landa
334 1216 440 1257 haec
486 1217 608 1256 erant
653 1217 694 1256 et
739 1213 858 1255 cuius
899 1212 1073 1253 utilitati
1115 1212 1174 1253 sic
1207 1211 1288 1253 hoc
1332 1211 1601 1264 expediebat,
1643 1213 1690 1251 ut
1722 1223 1798 1263 per

159 1294 290 1336 talem
354 1292 672 1334 distinctionem
728 1291 784 1333 ad
837 1290 1044 1332 creatoris
1112 1289 1435 1341 intelligentiam
1507 1288 1796 1329 reduceretur.

160 1372 279 1412 Sicut
352 1370 463 1412 enim
522 1370 651 1410 rebus
707 1368 824 1421 prius
870 1367 987 1408 dedit
1032 1380 1126 1408 esse
1182 1370 1223 1408 et
1275 1368 1373 1419 post
1422 1366 1648 1419 pulchrum
1692 1378 1797 1414 esse,

163 1449 222 1489 ita
285 1447 439 1499 angelo
513 1449 554 1487 et
626 1445 802 1495 homini,
883 1445 1038 1497 quibus
1101 1444 1218 1485 dedit
1291 1443 1525 1485 rationales
1587 1455 1692 1492 esse,
1765 1441 1799 1483 si

163 1525 464 1579 perstitissent,
520 1524 708 1565 dedisset
759 1525 800 1563 et
852 1523 1003 1564 beatos
1046 1535 1152 1572 esse,
1207 1524 1246 1562 et
1298 1521 1380 1562 hoc
1418 1534 1511 1561 esse
1557 1525 1669 1560 esset
1705 1520 1799 1572 pul-

163 1603 311 1645 chrum
370 1615 475 1643 esse.
576 1601 701 1651 Quod
754 1600 998 1652 exemplum
1070 1599 1170 1651 quia
1235 1598 1419 1650 neglexit
1481 1597 1671 1648 angelus,
1735 1609 1799 1637 re-

166 1680 361 1733 speciens
393 1679 448 1720 ad
493 1691 617 1720 suuni
653 1690 760 1728 esse,
798 1677 958 1718 scilicet
990 1676 1091 1729 quia
1123 1676 1346 1718 rationalis
1379 1678 1485 1725 erat,
1527 1675 1706 1715 nimium
1748 1673 1801 1714 de

163 1771 208 1799 se
257 1769 554 1810 praesumens,
613 1755 765 1797 cecidit
810 1754 1209 1807 irrecuperabiliter,
1264 1754 1373 1795 sicut
1414 1753 1483 1795 alii
1525 1751 1802 1793 immobiliter

166 1836 265 1876 sunt
322 1834 593 1876 confirmati.
697 1833 765 1873 Ad
822 1831 1008 1873 hominis
1066 1844 1167 1873 vero
1224 1831 1544 1883 reparationem
1602 1829 1837 1870 distincte-2

164 1912 406 1954 describere
452 1911 598 1961 voluit,
644 1912 692 1951 ut
736 1910 777 1951 in
820 1910 901 1951 hoc
940 1910 1119 1952 haberet
1164 1909 1357 1950 animum
1391 1908 1447 1950 ad
1489 1906 1801 1948 institutionem

165 1991 229 2032 sui
262 1991 536 2042 occupatum.

308 2157 328 2191 3
355 2156 501 2198 visibili]
529 2154 756 2190 invisibiliA.
861 2156 883 2188 4
905 2160 987 2198 post
1007 2153 1237 2187 invisibiliter
1263 2155 1346 2187 add.
1374 2153 1492 2186 omnia
1514 2155 1555 2186 Β.
1662 2153 1679 2185 7
1708 2163 1804 2196 prae-

167 2217 295 2261 dictas]
320 2216 412 2250 hanc
439 2215 612 2249 rationem
642 2226 782 2259 quoque
803 2216 919 2258 Huqo.
1018 2213 1038 2247 8
1066 2212 1158 2257 quod
1174 2212 1282 2252 Deus,
1311 2212 1369 2257 qui
1397 2212 1431 2246 in
1459 2214 1636 2246 momento
1664 2214 1804 2256 poterat

167 2277 285 2311 omnia
305 2276 435 2316 facere,
463 2287 528 2309 sex
550 2274 673 2309 diebus
695 2273 863 2308 distinxit
889 2285 995 2317 opera
1016 2284 1079 2307 sua
1099 2284 1167 2306 non
1189 2274 1379 2316 propter..
1397 2299 1403 2305 .
1426 2273 1471 2305 H.
1587 2271 1628 2306 10
1656 2271 1806 2305 rationa-

168 2334 546 2379 lium]rationabilium
558 2337 604 2368 H.
654 2333 789 2368 11--13
802 2332 1238 2375 Nam...intelligentiam
1254 2331 1484 2365 reduceretur
1496 2332 1618 2365 om.H.
1665 2330 1806 2364 12haec

169 2409 233 2430 om.
250 2398 290 2429 A.
385 2400 466 2438 post
485 2394 552 2428 hoc
573 2395 655 2428 add.
673 2395 704 2428 Β
718 2393 805 2427 fieri.
932 2393 972 2425 15
996 2398 1078 2435 post
1098 2392 1148 2425 ita
1169 2393 1252 2425 add.
1269 2393 1304 2425 et
1318 2393 1365 2425 H.
1465 2389 1576 2434 dedit]
1595 2389 1742 2423 dederat
1756 2391 1805 2424 H.

172 2456 213 2489 16
239 2454 305 2488 hoc
341 2454 433 2496 esse]
469 2464 547 2488 esse
584 2465 636 2487 om
665 2455 714 2487 H.
816 2453 856 2486 17
881 2457 962 2495 post
996 2450 1199 2495 exemplum
1235 2452 1317 2484 add.
1348 2453 1378 2484 A
1415 2453 1451 2483 in
1478 2462 1590 2493 mat-gy.
1623 2452 1663 2483 ut
1691 2449 1806 2492 Augu-

169 2515 284 2548 stinus
311 2513 397 2547 dicit
522 2512 562 2547 18
588 2512 797 2556 respiciens]
835 2511 996 2556 respexit
1010 2515 1052 2544 A.
1176 2510 1217 2543 ad
1258 2520 1337 2543 esse
1375 2521 1477 2543 suum
1499 2510 1546 2545 H.
1669 2508 1808 2543 scilicet

170 2586 221 2608 om
245 2575 285 2607 H
319 2573 412 2617 quod
443 2572 618 2606 rationale
650 2574 728 2606 erat
746 2574 793 2606 H.
905 2570 949 2604 20
988 2568 1201 2612 confirmati]
1235 2568 1368 2602 firmati
1390 2571 1432 2603 A.
1531 2568 1805 2613 reparationem]

170 2631 407 2677 reparationis
423 2634 464 2666 A.
539 2631 676 2665 20—21
691 2631 859 2666 distincte
872 2630 952 2673 etc.]
967 2642 1031 2664 sex
1047 2629 1171 2663 diebus
1186 2628 1406 2672 distinguere
1418 2627 1531 2662 voluit
1546 2639 1633 2672 opus
1644 2639 1745 2660 suum
1758 2629 1806 2662 H.

171 2693 213 2726 21
237 2692 488 2735 posthaberet
507 2693 590 2726 add.
623 2691 729 2725 homo
758 2693 795 2725 H
815 2690 947 2725 habeat
962 2692 1004 2724 Α.
1104 2689 1258 2722 animum
1290 2690 1499 2732 occupatum
1530 2687 1574 2721 ad
1595 2687 1648 2721 sui
1669 2686 1809 2721 institu-

170 2751 303 2785 tionem
330 2753 379 2785 H.

316 2899 325 2918 ¹
354 2902 407 2935 De
444 2902 573 2934 Genesi
610 2902 657 2933 ad
690 2901 756 2933 litt.
792 2899 814 2933 1.
842 2898 883 2934 V.
912 2910 941 2932 c.
969 2898 1025 2933 23.
1052 2909 1085 2933 n.
1119 2896 1176 2931 45.
1205 2896 1286 2939 (PL.
1318 2896 1373 2936 34,
1401 2896 1500 2934 338):
1553 2895 1652 2930 Sicut
1690 2898 1809 2929 autem

173 2960 210 2994 in
244 2960 321 3004 ipso
348 2971 459 3003 grano
484 2958 714 2993 invisibiliter
746 2960 849 2992 erant
881 2957 999 2992 omnia
1025 2956 1141 2997 simul,
1182 2967 1273 3000 quae
1310 2966 1373 3000 per
1398 2957 1559 3000 tempora
1586 2955 1620 2989 in
1648 2954 1809 2989 arborem

174 3021 373 3063 surgerent,
400 3019 451 3053 ita
477 3021 512 3053 et
538 3019 614 3064 ipse
640 3018 793 3052 mundus
819 3016 1031 3061 cogitandus
1059 3018 1180 3051 est...

318 3078 331 3096 ²
357 3077 455 3119 Quae
490 3079 697 3122 sequuntur,
725 3077 768 3111 ad
797 3076 944 3111 verbum
974 3076 1050 3110 fere
1081 3075 1251 3120 leguntur
1276 3075 1311 3109 in
1338 3074 1540 3118 Hugonis
1568 3075 1695 3107 Adnot.
1723 3074 1810 3106 elue.

176 3150 205 3172 c.
231 3137 291 3172 IV.
321 3137 370 3180 (L.
393 3149 421 3172 c.
441 3137 484 3171 33
516 3138 545 3171 C
562 3139 606 3177 D,
633 3136 679 3170 34
700 3139 755 3177 A),
783 3136 883 3170 cuius
909 3135 1030 3169 varias
1055 3135 1227 3169 lectiones
1253 3145 1362 3179 supra
1390 3132 1568 3169 adnotavi.

1818 1075 1850 1099 10

1822 1458 1853 1483 15
