2106 3453
344 234 435 282 1321κ
757 246 759 249 ’
932 234 1138 281 Sententiae
1165 235 1374 282 divinitatis.

343 354 447 401 erat,
492 354 532 391 et
566 352 711 392 vinum
745 351 938 392 similiter
977 353 1017 391 et
1056 364 1141 391 non
1182 350 1279 391 licet
1317 350 1500 403 amplius
1540 351 1592 390 de
1638 351 1697 391 eis
1743 347 1857 403 loqui
1897 345 1968 400 ita,

343 428 458 480 quod
493 427 567 467 fiat
600 427 749 467 relatio
783 427 848 467 vel
882 427 1195 468 demonstratio
1229 428 1284 467 ad
1318 427 1406 468 illa.
1471 427 1565 468 Non
1608 427 1791 479 amplius
1829 429 1971 479 potest

339 503 441 544 dici:
476 503 599 555 panis
633 503 714 553 ille,
747 503 894 543 vinum
926 503 1041 552 illud,
1077 503 1177 555 quia
1201 516 1286 544 non
1319 506 1419 543 sunt
1452 503 1704 544 accidentia.
1769 502 1971 542 Similiter

339 592 469 631 sapor
502 582 542 620 et
576 579 702 628 color,
739 579 810 631 qui
843 579 961 631 prius
995 582 1118 619 erant
1151 579 1191 619 in
1226 592 1338 630 pane
1372 581 1412 619 et
1445 578 1557 627 vino,
1594 579 1723 619 modo
1758 591 1843 618 non
1872 580 1971 618 sunt

303 669 318 693 5
341 656 382 696 in
417 656 476 696 eis
510 658 607 707 post
648 655 1031 704 consecrationem,
1066 668 1160 695 curn
1196 655 1366 707 penitus
1411 668 1495 694 non
1540 655 1637 695 sint.
1690 656 1693 705 l
1747 654 1897 706 Neque
1930 654 1971 694 in

340 744 517 783 corpore
538 731 694 772 Christi
727 733 842 779 sunt3
876 733 916 771 et
938 730 996 771 ita
1018 730 1063 771 tit
1084 730 1151 771 hic
1172 731 1453 771 commutatio
1472 730 1707 771 secundum
1726 732 1970 781 utrumque.

479 807 524 847 Si
584 809 831 859 opponatur
886 805 938 847 de
992 806 1299 847 auctoritate1:
1355 805 1495 856 ‚Nulla
1536 806 1779 847 substantia
1828 806 1968 858 perit‘;

338 883 508 923 videtur
553 882 795 923 substantia
844 882 996 934 perire,
1048 895 1143 922 cum
1194 882 1364 934 penitus
1410 881 1580 923 desinat
1625 895 1731 932 esse,
1794 895 1972 934 respon-

339 960 439 1000 deo:
487 958 596 1008 Quia
636 971 783 999 verum
831 961 894 998 est
945 958 986 997 in
1032 958 1313 999 naturalibus.
1380 957 1454 999 Vel
1501 971 1585 998 non
1626 958 1780 998 dicitur
1819 958 1970 1010 perire,

288 1052 319 1076 10
339 1035 439 1087 quia
474 1036 667 1075 mutatur
700 1034 741 1074 in
776 1033 941 1074 melius.
1009 1034 1067 1074 De
1100 1034 1339 1074 mutatione
1374 1033 1442 1074 illa
1477 1034 1578 1075 dicit
1605 1034 1968 1085 Augustinus2:

341 1110 579 1161 ,Invisibilis
618 1110 818 1151 sacerdos
864 1109 1050 1150 visibiles
1093 1123 1159 1150 res
1193 1109 1347 1150 cotidie
1380 1109 1420 1149 in
1455 1122 1611 1162 corpus
1646 1112 1686 1150 et
1719 1109 1969 1161 sanguinem

339 1199 461 1226 suum
504 1188 770 1227 commutatf
834 1186 950 1225 Alii3
983 1186 1141 1235 dicunt,
1189 1185 1304 1237 quod
1350 1198 1425 1237 per
1469 1185 1694 1227 sollemnia
1739 1186 1808 1227 illa
1841 1185 1972 1226 verba

338 1264 519 1314 pereant
552 1263 821 1303 substantiae
864 1261 973 1311 illae,
1017 1262 1091 1302 sed
1127 1261 1167 1301 in
1202 1261 1342 1314 specie
1374 1262 1497 1314 panis
1531 1264 1573 1302 et
1604 1262 1689 1302 vini
1721 1274 1972 1314 repraesen-

339 1341 454 1379 tetur
488 1351 643 1390 corpus
679 1337 850 1379 Christi.
914 1337 998 1378 Sed
1034 1337 1293 1378 credendum
1335 1340 1411 1387 est,
1454 1338 1571 1390 quod
1614 1339 1710 1380 illae
1743 1337 1973 1379 invisibiles

290 1431 321 1454 15
342 1414 610 1455 substantiae
644 1415 866 1455 mutentur
899 1417 939 1454 et
971 1416 1196 1455 transeant
1228 1414 1268 1454 in
1303 1426 1457 1466 corpus
1491 1414 1659 1456 Christi.

487 1490 570 1531 Sed
605 1490 858 1542 opponitur:
895 1490 1020 1539 Quod
1054 1490 1141 1530 heri
1177 1493 1269 1530 erat
1303 1490 1342 1530 in
1377 1489 1637 1537 molendino,
1672 1490 1799 1531 hodie
1831 1491 1973 1530 muta-

343 1568 411 1607 tur
456 1566 497 1606 in
541 1579 695 1618 corpus
737 1565 908 1607 Christi.
974 1566 1082 1617 Ergo
1129 1566 1287 1618 aliquid
1336 1569 1399 1607 est
1443 1565 1570 1606 hodie
1610 1578 1764 1618 corpus
1803 1565 1972 1615 Christi,

342 1642 458 1694 quod
480 1642 570 1683 heri
593 1654 679 1682 non
701 1641 779 1681 fuit
801 1654 957 1693 corpus
979 1641 1134 1682 Christi
1163 1645 1204 1682 et
1233 1642 1387 1682 cotidie
1415 1644 1609 1682 mutatur
1635 1655 1790 1693 corpus
1816 1641 1973 1682 Christi

342 1721 384 1758 et
424 1720 744 1769 augmentatur.
782 1741 835 1744 —
873 1718 1041 1759 Falsum
1083 1720 1159 1759 est.
1224 1717 1335 1758 Nihil
1380 1720 1443 1758 est
1484 1731 1640 1770 corpus
1681 1717 1851 1767 Christi,
1894 1717 1973 1757 nisi

288 1808 321 1832 20
342 1793 457 1845 quod
502 1796 653 1834 natum
700 1793 751 1834 de
798 1794 934 1835 Maria
977 1794 1150 1844 virgine.
1222 1794 1329 1845 Ergo
1383 1793 1483 1833 nihil
1536 1796 1600 1834 est
1645 1793 1773 1834 hodie
1817 1806 1972 1845 corpus

341 1869 511 1919 Christi,
554 1870 633 1910 nisi
676 1869 791 1922 quod
833 1871 924 1910 erat
966 1869 1055 1910 heri
1098 1882 1253 1922 corpus
1287 1869 1456 1910 Christi.
1520 1870 1585 1909 Ad
1627 1869 1707 1910 hoc
1739 1868 1971 1910 videndum

342 1946 487 1987 dicunt
525 1946 716 1998 quidam,
756 1945 872 1997 quod
913 1958 1134 1998 nunquam
1175 1945 1373 1997 ingerunt
1419 1958 1463 1986 se
1508 1946 1589 1986 ista
1634 1945 1733 1995 duo,
1782 1948 1872 1994 ‚est‘
1907 1946 1970 1986 vel

342 2023 464 2073 ‚erit‘.
528 2022 601 2063 Vel
635 2022 793 2063 dicam:
830 2021 1001 2074 Aliquid
1043 2024 1105 2062 est
1138 2021 1265 2062 hodie
1299 2035 1453 2073 corpus
1487 2022 1548 2063 vel
1593 2021 1684 2071 erit,
1728 2021 1844 2073 quod
1882 2021 1972 2062 heri

342 2111 426 2139 non
463 2100 553 2138 erat
585 2110 740 2150 corpus
774 2098 943 2148 Christi,
978 2099 1017 2139 et
1048 2098 1211 2138 nullum
1239 2098 1557 2138 substantivum
1581 2097 1758 2138 verbum
1787 2097 1844 2138 ibi
1871 2110 1971 2138 con-

484 2225 504 2259 3
526 2230 607 2268 post
633 2224 798 2258 similiter
825 2226 906 2257 add.
930 2224 962 2256 R
987 2224 1090 2258 sicut.
1169 2224 1209 2257 10
1234 2229 1313 2266 post
1340 2223 1401 2256 illa
1428 2225 1510 2257 add.
1538 2223 1566 2254 l}
1592 2223 1647 2257 vel
1676 2224 1757 2257 ista.
1860 2223 1897 2256 11
1927 2224 1973 2256 111-

342 2284 495 2318 visibilis
527 2290 647 2327 pos—tea
675 2295 766 2318 corr.
795 2286 850 2316 iu:
875 2283 1037 2316 visibiles
1067 2285 1095 2316 Β
1246 2282 1285 2316 18
1313 2283 1393 2324 fuit]
1422 2285 1499 2316 erat
1519 2284 1561 2316 Β.
1683 2294 1810 2326 corpus
1839 2281 1972 2315 Christi

343 2346 608 2387 augmentatum
639 2343 701 2376 sed
728 2343 857 2376 falsum
886 2345 941 2375 est
968 2344 1008 2377 B.
1150 2342 1194 2375 24
1222 2345 1257 2375 et
1282 2341 1416 2375 nullum
1435 2369 1440 2375 .
1459 2370 1464 2375 .
1482 2341 1502 2385 .]
1530 2342 1590 2375 sed
1620 2353 1808 2386 possumus
1835 2341 1971 2375 dicere:

343 2406 511 2442 mutatur,
539 2402 680 2442 transit,
709 2401 864 2435 efficitur
888 2403 926 2436 Β.

484 2529 493 2547 ¹
522 2529 566 2564 cf,
595 2528 841 2562 Omnebene
881 2526 1029 2569 (Gietl,
1072 2526 1108 2561 L.
1137 2538 1165 2560 c.
1204 2538 1234 2570 p.
1264 2526 1330 2559 :233
1350 2524 1406 2567 ¹⁰):
1447 2525 1481 2559 Si
1509 2528 1723 2570 opponatur:
1763 2524 1870 2558 Nulla,
1895 2524 1972 2558 sub-

342 2589 477 2624 stantia
515 2589 616 2632 perit,
657 2587 817 2627 dicimus,
857 2587 940 2630 quia
975 2588 1096 2630 posset
1132 2585 1369 2619 substantiam
1407 2585 1502 2618 illam
1539 2596 1761 2624 conservare,
1801 2584 1862 2618 sed
1888 2584 1973 2628 quid

344 2649 423 2683 indo
456 2649 575 2686 faciat,
616 2647 805 2681 nescimus.
869 2646 939 2679 Alii
977 2646 1109 2684 dicunt,
1152 2645 1243 2688 quod
1272 2644 1473 2678 substantia
1500 2645 1601 2688 panis
1628 2645 1758 2678 transit
1784 2644 1819 2676 in
1846 2654 1972 2687 corpus

344 2708 494 2741 Domini.
544 2706 639 2749 Ergo
666 2706 769 2751 perit.
820 2706 895 2739 Non
923 2705 1094 2749 sequitur⁷
1135 2706 1218 2748 quia
1250 2716 1317 2737 non
1352 2704 1480 2737 dicitur
1512 2704 1637 2748 perire,
1678 2715 1755 2737 cum
1784 2704 1831 2736 sit
1856 2703 1972 2736 melio-

342 2769 421 2800 rata
483 2765 705 2799 Rolandus
746 2764 892 2806 (Gietl,
934 2764 969 2799 L.
998 2775 1026 2798 C.
1066 2776 1098 2808 p.
1126 2763 1223 2803 225):
1282 2763 1358 2796 Non
1395 2763 1501 2796 etiam
1539 2763 1643 2796 debet
1688 2762 1754 2796 dici
1802 2762 1970 2806 deperire,

343 2825 435 2869 quod
462 2826 622 2859 assumat
648 2823 774 2858 melius
802 2836 893 2859 esse.
1726 2833 1727 2836 ’

486 2883 498 2900 ‘²
524 2895 554 2919 c.
581 2883 635 2917 35.
666 2883 707 2916 de
734 2894 828 2917 cons.
858 2883 885 2917 d.
916 2883 947 2916 2.

486 2941 498 2959 ³
525 2944 586 2977 SS.
617 2942 673 2983 VI,
694 2944 716 2976 4
743 2942 825 2983 (142
841 2942 900 2984 D):
936 2941 1006 2974 Alii
1033 2940 1158 2974 volunt
1184 2940 1311 2977 dicere.
1340 2939 1429 2983 quod
1458 2951 1581 2973 verum
1608 2951 1736 2984 corpus
1765 2938 1896 2973 Christi
1924 2939 1972 2972 sit

343 3003 378 3036 in
406 3002 524 3042 altari;
566 3001 628 3035 sed
655 3003 799 3044 negant,
836 3012 962 3045 panem
999 3000 1033 3034 in
1068 3000 1183 3043 ipsum
1220 2999 1360 3032 mutari.
1412 2998 1542 3032 Dicunt
1574 3010 1725 3042 namque
1757 2998 1860 3042 panis
1895 2998 1971 3031 sub-

343 3062 513 3096 stantiam
541 3060 731 3094 adnihilari
758 3062 793 3094 et
819 3072 887 3093 non
914 3061 948 3093 in
976 3059 1070 3093 aliud
1097 3059 1265 3098 transire;
1308 3060 1341 3091 et
1375 3070 1416 3092 ea
1447 3058 1649 3092 substantia
1684 3057 1880 3091 adnihilata
1905 3057 1970 3090 sub

344 3120 406 3154 illa
432 3120 550 3165 specie
578 3122 783 3153 remanente
810 3130 937 3162 corpus
964 3118 1097 3152 Christi
1126 3129 1214 3151 esse.

1994 661 2013 685 f.
2036 662 2094 686 101.
