2106 3453
631 251 823 286 Tractatus
850 250 891 286 V.
943 251 994 284 De
1021 251 1266 286 sacramentis.
1680 250 1770 285 153*

138 354 318 403 occasio,
353 355 543 407 quinque
577 355 688 396 circa
722 368 966 407 personam,
1002 355 1201 402 officium,
1236 357 1369 405 aetas,
1404 369 1545 405 sexus⁷
1586 355 1770 405 fortuna,

138 430 343 472 condicio.
382 430 663 480 Quantitas
684 432 998 472 consideranda
1020 435 1085 472 est
1106 432 1146 471 in
1168 434 1358 483 peccato,
1382 434 1525 472 utrum
1550 444 1769 482 magnum,

139 507 290 556 maius,
330 507 580 555 maximum,
622 520 819 559 parvum,
859 508 1013 557 minus,
1049 508 1288 557 minimum⁷
1322 510 1465 548 utrum
1502 508 1629 559 longo
1662 510 1771 549 tem—

137 595 241 633 pore
291 582 356 623 vel
408 596 541 634 parvo
594 583 777 624 duravit.
854 583 1098 633 Qualitas
1144 583 1456 624 consideranda
1501 586 1578 631 est,
1626 586 1770 623 utrum

136 658 316 698 honeste
363 658 426 699 vel
472 661 610 711 turpe.
687 659 874 711 Turpius
926 662 989 700 est
1039 659 1233 711 peierare
1281 660 1346 700 vel
1394 660 1527 700 Deum
1575 660 1806 711 prodere,5

138 748 267 786 quam
312 748 361 775 ex
404 734 576 776 levitate
630 736 811 776 mentiri.
886 736 1063 776 Locus:
1112 736 1265 776 Utrum
1309 736 1348 776 in
1392 739 1541 777 sancto
1585 736 1647 776 vel
1686 749 1771 776 non

137 813 300 851 sancto,
364 811 603 863 Tempus:
651 813 794 852 utrum
839 812 876 851 in
913 812 1256 863 Quadragesima
1299 813 1365 852 vel
1404 813 1445 852 in
1486 812 1772 853 sollemnitate

137 887 282 938 aliqua
316 887 381 927 vel
415 900 514 928 non.
569 887 805 928 Occasio:
842 890 983 928 utrum
1020 888 1333 939 praemedItate
1366 889 1432 928 vel
1466 902 1581 929 casu.
1647 889 1773 929 Offi-

137 962 266 1003 cium
302 963 663 1004 considerandum
709 966 773 1003 est
806 963 846 1003 in
881 977 1079 1015 persona,
1125 967 1266 1004 utrum
1308 965 1529 1016 praelatus
1568 964 1631 1005 vel
1673 978 1772 1013 non,

139 1041 280 1079 utrum
316 1039 493 1080 clericus
528 1039 591 1079 vel
626 1039 771 1089 laicus,
813 1040 913 1091 quia
947 1040 1063 1092 quod
1099 1040 1263 1080 veniale
1297 1043 1360 1080 est
1394 1040 1515 1089 laico,
1556 1040 1775 1082 criminale

138 1117 203 1155 est
251 1115 451 1167 episcopo
495 1115 560 1155 vel
604 1115 830 1156 sacerdoti.
903 1116 1080 1165 Aetas,
1128 1117 1272 1156 utrum
1317 1129 1447 1157 senex
1488 1117 1552 1157 vel
1596 1116 1773 1158 iuvenis.

137 1191 320 1239 Sexus,
355 1193 497 1231 utrum
533 1191 597 1231 vir
631 1192 693 1232 vel
728 1191 894 1232 mulier.
959 1192 1207 1241 Fortuna,
1243 1194 1383 1232 utrum
1420 1192 1538 1233 dives
1574 1193 1634 1232 vel
1668 1205 1775 1245 pau-

139 1280 234 1320 per;
279 1268 450 1318 gravius
484 1271 632 1320 peccat
666 1268 797 1317 dives,
842 1268 913 1320 qui
947 1268 1113 1308 furatur
1146 1282 1196 1309 ex
1228 1268 1476 1321 cupiditate,
1511 1282 1640 1321 quam
1668 1282 1776 1321 pau-

137 1356 226 1395 per,
260 1344 332 1396 qui
367 1358 416 1385 ex
451 1345 718 1385 necessitate.
783 1345 1048 1393 Condicio,
1083 1347 1228 1385 utrum
1263 1358 1411 1385 servus
1445 1358 1499 1386 an
1533 1345 1652 1386 liber.

279 1420 509 1462 Praeterea
543 1421 768 1472 diligenter
801 1422 929 1462 debet
961 1422 1163 1463 sacerdos
1202 1422 1490 1473 considerare,
1534 1425 1677 1463 utrum
1722 1436 1772 1463 ex

142 1495 452 1537 deliberatione
486 1497 763 1537 commissum
805 1497 859 1537 sit
899 1500 1125 1550 peccatum
1169 1511 1223 1539 an
1268 1512 1317 1539 ex
1356 1498 1604 1539 infirmitate
1637 1512 1692 1539 an
1728 1511 1778 1539 ex

138 1571 395 1622 ignorantia.
442 1572 501 1612 Ex
528 1555 838 1614 deliberatione
865 1574 1058 1625 peccavit
1079 1574 1231 1621 Judas;
1267 1588 1318 1615 ex
1338 1574 1588 1615 infirmitate
1609 1574 1776 1624 Petrus,

139 1662 189 1689 ex
222 1648 466 1699 ignorantia
494 1649 595 1690 Eva.
650 1648 725 1689 His
758 1650 895 1690 tribus
930 1650 1068 1690 modis
1101 1650 1248 1691 omnia
1281 1653 1460 1702 peccata
1487 1650 1776 1700 includuntur,

135 1727 313 1776 peccata
347 1725 616 1776 cogitationis
650 1727 690 1766 et
726 1725 867 1777 operis
900 1725 943 1766 in
977 1726 1068 1766 istis
1102 1726 1388 1767 continentur.

281 1800 339 1840 Et
381 1803 455 1842 est.
497 1801 799 1851 notandum,
844 1802 978 1854 quod
1020 1804 1267 1854 quattuor
1306 1803 1466 1843 modis
1504 1816 1809 1855 peccamus-„-

137 1876 458 1927 cogitatione
500 1880 549 1918 et
591 1877 805 1918 totidem
842 1890 1007 1930 opere.
1071 1878 1137 1919 Fit
1177 1892 1365 1931 namque
1406 1882 1630 1931 peccatum
1665 1879 1778 1930 cogi-

139 1952 315 1993 tationis
349 1953 622 2003 suggestione
645 1953 818 2003 diaboli,
854 1954 1139 1995 delectatione
1163 1955 1315 2004 carnis,
1349 1968 1560 1996 consensu
1584 1955 1776 2006 rationis,

139 2028 387 2069 defensione
421 2029 631 2070 elationis.
698 2029 762 2070 Fit
802 2029 996 2071 similiter
1034 2033 1259 2082 peccatum
1301 2031 1457 2083 operis⁷
1500 2045 1595 2072 cum
1640 2032 1777 2073 latens

138 2104 264 2156 culpa
306 2104 459 2155 agitur,
507 2118 603 2146 cun]
649 2105 739 2146 sine
781 2106 946 2157 pudore
980 2106 1073 2147 aliis
1111 2107 1378 2161 propalatur⁷
1425 2120 1523 2148 cum
1563 2121 1613 2148 ex
1646 2108 1773 2159 longo

138 2193 219 2221 usu
252 2181 292 2221 in
328 2181 685 2222 consuetudinem
720 2182 902 2233 ducitur,
937 2196 1033 2223 cum
1069 2183 1196 2225 etiam
1235 2183 1274 2223 in
1303 2183 1648 2236 desperationem
1678 2184 1774 2226 itur.
1797 2202 1830 2226 25

139 2256 223 2297 Ista
257 2269 415 2308 genera
448 2259 724 2309 peccatorum
761 2261 969 2299 notantur
1001 2272 1078 2311 per
1109 2261 1196 2300 tres
1235 2261 1444 2310 mortuos,
1488 2273 1596 2312 quos
1628 2260 1777 2300 Domi-

140 2346 221 2373 nus
253 2333 490 2374 suscitavit.
554 2333 765 2384 Quartum
801 2335 1009 2377 suscitare
1051 2336 1200 2386 noluit,
1243 2336 1375 2377 immo
1414 2337 1569 2388 legitur
1600 2336 1773 2378 dixisse:

140 2410 311 2450 Diom‘tte
342 2414 523 2450 mortuos
556 2414 624 2450 ete.
660 2410 827 2464 (Matth.
863 2414 901 2464 3>
925 2412 1012 2466 22).
1076 2412 1159 2453 Per
1196 2412 1325 2453 istum
1364 2414 1541 2454 notatur
1573 2416 1776 2465 quartum

139 2499 273 2538 genus
306 2487 485 2539 peccati,
519 2488 833 2540 desperationis
860 2489 1030 2540 scilicet,
1066 2489 1119 2530 de
1146 2503 1231 2542 quo
1259 2490 1430 2531 dicitur:
1466 2490 1539 2530 Est
1565 2493 1776 2543 peccatam

138 2562 193 2603 sed
226 2566 417 2615 φησι-ἰωή)-
450 2577 529 2603 non
563 2563 664 2615 (lico)
699 2569 743 2604 ut
776 2565 866 2619 quis
892 2579 974 2618 pro
1006 2579 1047 2606 eo
1079 2570 1191 2620 ‘royet
1224 2566 1276 2619 (I.
1310 2566 1405 2607 Jolae.
1441 2565 1590 2619 ,5,16).

280 2638 557 2680 Praeterea
616 2640 895 2692 diligenter
952 2641 1386 2683 considerandum
1444 2643 1537 2691 est,
1608 2644 1775 2682 utrum

139 2714 342 2767 publica
394 2715 471 2755 vel
523 2717 728 2758 occulta
774 2717 875 2758 sint
919 2720 1153 2769 peccata;
1212 2731 1312 2760 nam
1358 2718 1497 2759 maior
1541 2717 1775 2759 satisfactio

138 2790 399 2841 iniungenda
445 2794 508 2832 est
552 2805 630 2843 pro
675 2793 835 2845 apertis
879 2794 1079 2846 peccatis,
1131 2807 1261 2846 quam
1306 2807 1384 2846 pro
1430 2794 1620 2844 occultis,
1666 2793 1777 2835 sicut

278 2985 300 3018 4
328 2984 485 3028 duravit]
513 2987 754 3029 perpetratum
786 2988 828 3020 B.
899 2986 918 3020 5
945 2986 1104 3020 deierare
1132 2988 1173 3020 B.
1242 2987 1261 3019 6
1288 2986 1465 3020 brevitate
1493 2988 1533 3020 Α.
1606 2985 1623 3018 7
1650 2987 1774 3019 sancto

139 3056 202 3077 om.
230 3045 273 3079 B.
342 3043 363 3077 8
391 3044 530 3078 occasio
552 3071 558 3078 .
582 3070 588 3076 .
610 3071 616 3077 .
640 3045 733 3089 quod
759 3045 899 3079 veniale
926 3058 989 3080 om.
1025 3046 1061 3080 li.
1133 3046 1173 3079 13
1201 3045 1259 3089 qui
1287 3045 1434 3087 gravius
1464 3045 1506 3079 B.
1579 3045 1620 3079 14
1646 3045 1704 3079 vel
1731 3046 1772 3078 B.

140 3103 182 3136 27
211 3103 436 3147 respondisse
460 3105 499 3137 Β.
599 3105 643 3138 32
669 3104 761 3138 fiunt
782 3107 823 3139 B.

1798 1057 1828 1081 lo

1798 1438 1827 1460 15

1795 2590 1829 2615 30
