2106 3453
907 250 1113 292 Sententiae
1140 251 1351 292 divinitatis.

311 255 329 289 21·-

334 248 354 290 [ι’.

363 248 380 272 ἦθ’·

916 411 1202 462 Tractatus
1243 412 1328 462 IV.

695 516 768 557 De
800 518 1127 559 sacramento
1160 517 1543 561 incarnationis.

704 619 736 657 I.
777 619 833 658 De
862 620 1006 658 unione
1035 621 1270 659 naturarum
1299 621 1340 659 in
1370 621 1544 661 Christo.

449 716 654 770 Sequitur
685 718 911 760 dicendum
947 719 998 761 (le
1031 721 1297 763 sacramento
1329 721 1652 775 incarnationis,
1686 722 1797 764 circa
1824 723 1939 776 quod

271 809 286 833 5
307 805 411 845 prae
439 793 604 844 ceteris,
639 807 751 847 quae
784 795 836 835 de
871 808 921 836 eo
955 795 1108 836 dicturi
1143 809 1304 847 sumus,
1339 797 1446 838 haec
1480 798 1710 851 praecipue
1746 799 1940 840 conside-

254 1183 286 1208 10

306 868 443 910 randa
477 871 576 910 sunt
609 872 650 910 et
685 869 909 922 diligenter
936 871 1208 923 inquirenda,
1236 872 1395 913 scilicet
1427 873 1937 931 quidtassumpserin

307 947 354 984 et
391 957 522 997 quae
559 945 661 986 sint
699 950 983 999 assumpta,
1032 950 1079 988 et
1112 948 1187 988 cui
1228 949 1371 989 unita
1418 951 1682 1001 assumpta
1726 949 1847 999 sint,
1892 952 1940 990 et

307 1020 426 1072 quid
460 1034 728 1062 assumens
760 1035 848 1075 per
880 1023 1287 1076 assumptionem
1324 1023 1513 1065 factum
1544 1025 1627 1075 sit,
1664 1027 1709 1066 et
1743 1025 1781 1066 si
1810 1026 1939 1066 Deus

308 1099 358 1136 et
396 1096 543 1137 homo
582 1099 758 1150 partes
796 1097 899 1138 sint
938 1098 1144 1140 Christi.
1212 1099 1269 1140 De
1316 1112 1580 1152 unoquoque
1624 1113 1701 1152 per
1745 1101 1937 1141 ordinem

306 1172 657 1224 prosequendum
692 1176 770 1215 est.

454 1248 487 1289 1.
536 1248 584 1289 Et
617 1249 780 1301 primo
819 1249 878 1290 de
917 1252 1214 1290 assumente
1256 1252 1373 1291 tenet
1415 1250 1521 1292 fides
1563 1250 1780 1301 ecclesiae,
1823 1251 1939 1304 quod

306 1322 432 1364 tertia
464 1336 649 1376 persona
682 1324 723 1365 in
756 1324 980 1376 Trinitate,
1017 1325 1202 1366 Verbum
1232 1325 1384 1376 Patris,
1420 1326 1549 1367 Filius
1584 1326 1670 1377 Dei,
1705 1327 1939 1379 assumpsit

307 1411 494 1449 earnem,
528 1401 575 1440 ut
603 1399 673 1452 qui
702 1400 821 1452 prius
844 1402 934 1441 erat
957 1400 1229 1451 homousion,
1264 1401 1304 1441 id
1327 1404 1390 1442 est
1412 1401 1538 1442 unius
1560 1404 1602 1442 et
1624 1402 1814 1443 eiusdem
1837 1403 1939 1443 sub-

306 1474 492 1516 stantiae
523 1488 620 1516 cum
654 1475 795 1526 Patre,
828 1489 905 1528 per
937 1477 1277 1529 assumptionem
1312 1478 1433 1519 tieret
1464 1477 1582 1529 gigas
1615 1478 1811 1529 geminae
1837 1478 1938 1519 sub-

270 1566 285 1590 5
305 1550 490 1592 stantiae
511 1552 534 1592 ¹.
598 1551 721 1592 Unde
753 1565 839 1592 non
866 1552 997 1595 Pater
1022 1565 1099 1593 nec
1128 1553 1255 1593 Filius
1283 1566 1360 1594 nec
1387 1553 1571 1606 Spiritus
1591 1548 1766 1595 sanctus
1794 1567 1938 1595 susce-

306 1625 368 1677 pit
399 1639 587 1677 carnem,
621 1627 696 1668 sed
723 1627 840 1668 solus
861 1627 991 1668 Filius
1008 1631 1035 1670 2.
1099 1627 1144 1668 Si
1172 1628 1284 1670 enim
1306 1629 1436 1670 Pater
1458 1630 1520 1670 vel
1550 1629 1733 1682 Spiritus
1764 1632 1939 1671 sanctus

306 1702 563 1755 suscepisset
600 1716 788 1754 carnem,
828 1703 1022 1745 confusio
1068 1704 1109 1744 in
1141 1704 1353 1747 Trinitate
1386 1705 1519 1755 fieret,
1570 1705 1671 1758 quia
1716 1706 1799 1746 iam
1849 1706 1933 1746 duo

306 1778 377 1818 filii
411 1781 565 1830 essent,
599 1792 710 1820 unus
743 1779 900 1821 scilicet
924 1779 1048 1829 Deus,
1083 1779 1193 1821 alius
1221 1781 1379 1822 seilicet
1408 1781 1551 1822 homo.
1616 1781 1938 1823 Convenienter

306 1867 406 1904 ergo
440 1855 598 1896 factum
635 1858 710 1905 est,
751 1858 797 1896 ut
838 1854 959 1896 solus
989 1855 1054 1896 ille
1087 1856 1157 1908 qui
1193 1856 1233 1896 in
1275 1856 1499 1898 divinitate
1540 1859 1632 1898 erat
1676 1857 1797 1907 filius,
1846 1857 1935 1897 effi-

251 1947 267 1972 2
305 1933 473 1972 ceretur
514 1932 555 1972 in
598 1931 880 1983 humanitate,
935 1945 989 1975 ne
1032 1945 1188 1973 nomen
1232 1932 1304 1973 filii
1346 1933 1549 1975 transiret
1593 1933 1647 1974 ad
1690 1933 1820 1974 alium
1865 1933 1937 1985 qui

305 2006 422 2058 prius
455 2019 542 2047 non
575 2010 687 2048 esset
720 2007 875 2048 filius3.
942 2007 1013 2049 Vel
1048 2007 1143 2048 ideo
1176 2008 1292 2049 solus
1324 2008 1435 2049 filius
1475 2021 1647 2050 carnem
1689 2008 1937 2061 assumpsit,

305 2082 511 2134 quoniam
544 2082 676 2124 homo
709 2083 929 2136 peccando
963 2086 1003 2124 et
1032 2083 1106 2124 Dei
1141 2084 1370 2136 imaginem
1405 2084 1446 2125 in
1480 2098 1525 2125 se
1558 2084 1808 2126 damnando
1842 2098 1937 2137 spe-

305 2157 453 2198 cialius
486 2158 638 2200 Filium
673 2159 854 2200 offendit
887 2159 958 2212 qui
992 2160 1109 2200 solus
1144 2162 1207 2200 est
1241 2162 1282 2201 et
1315 2159 1471 2201 dicitur
1504 2160 1646 2211 imago
1680 2160 1835 2202 Patris.

445 2331 467 2363 4
493 2329 598 2374 quod]
620 2334 761 2375 quaeA.
814 2331 834 2365 6
850 2331 1045 2376 assumpsit
1062 2333 1092 2365 B
1106 2331 1189 2375 quid
1204 2331 1252 2365 sit
1271 2343 1458 2366 assumens
1476 2333 1664 2366 Waltemm.
1717 2332 1736 2364 7
1752 2335 1937 2375 assumpta

304 2388 377 2422 sint
402 2390 444 2424 R.
542 2389 563 2423 8
598 2390 646 2424 sit
677 2390 725 2434 et]
762 2393 797 2424 et
828 2403 891 2425 om.
909 2393 948 2425 Β.
1051 2381 1088 2425 1⁷1
1118 2391 1210 2436 quod
1238 2403 1301 2425 om.
1322 2394 1362 2425 A.
1463 2391 1505 2425 12
1531 2393 1661 2424 tertiae
1692 2402 1864 2435 personae
1893 2395 1935 2426 A.

303 2453 381 2491 post
412 2448 559 2483 verbum
587 2451 669 2484 salci.
704 2452 748 2483 W
770 2450 919 2485 seilicet.
1022 2450 1061 2484 13
1094 2450 1277 2484 omousion
1313 2452 1357 2484 W
1377 2450 1478 2484 usion
1502 2452 1529 2483 Α
1556 2452 1596 2484 Β.
1708 2451 1751 2484 17
1779 2450 1862 2494 quia
1880 2476 1886 2484 .
1903 2477 1934 2484 ..

304 2507 380 2541 scil.
407 2507 511 2541 homo
537 2520 601 2543 om.
618 2510 649 2542 B
760 2509 801 2543 19
836 2512 892 2543 est
927 2521 990 2543 om..
1008 2511 1049 2545 R.
1161 2510 1203 2543 21
1238 2510 1393 2554 sumpsit
1423 2511 1460 2543 B.

450 2645 456 2662 ¹
485 2644 667 2690 August.
698 2648 830 2680 Contra
857 2648 1007 2680 Maxim.
1034 2645 1114 2680 LII.
1142 2657 1171 2679 c.
1189 2646 1242 2682 10.
1270 2658 1303 2681 n.
1330 2645 1351 2679 2
1373 2645 1454 2686 (PL.
1469 2645 1526 2687 42,
1542 2646 1642 2689 765):
1685 2645 1794 2678 Porro
1815 2646 1934 2678 autern

304 2702 469 2744 Christus
494 2716 563 2738 una
589 2716 740 2749 persona
766 2707 821 2739 est
846 2705 1044 2749 geminae
1070 2704 1368 2746 substantiae,
1396 2704 1479 2749 quia
1505 2706 1541 2738 et
1562 2704 1656 2738 Deus
1683 2706 1717 2738 et
1744 2703 1847 2738 homo
1869 2705 1934 2737 est.

304 2762 348 2798 cf.
380 2764 512 2797 Contra
537 2776 729 2798 sermonem
758 2766 979 2798 Arefcmorfzmz
1008 2776 1037 2800 c.
1064 2763 1096 2799 8.
1123 2775 1156 2798 n.
1184 2764 1215 2799 6.
1244 2763 1327 2805 (PL.
1345 2763 1402 2804 42,
1431 2763 1528 2805 689):
1559 2762 1771 2797 Geminae
1806 2762 1934 2806 gigas

304 2821 550 2859 substantiae&

447 2880 460 2898 ‘²
485 2883 547 2916 SS.
574 2882 602 2923 Ι,
631 2882 673 2919 1⁷5
702 2882 759 2925 (70
786 2884 850 2924 B);
877 2882 973 2916 Petr.
1001 2881 1121 2916 Lomb.
1148 2883 1243 2916 Sem.
1270 2881 1293 2916 l.
1319 2881 1382 2917 III.
1410 2881 1442 2916 d.
1472 2882 1501 2916 l.
1528 2892 1557 2915 o.
1588 2882 1616 2917 1.
1925 2902 1930 2904 >

447 2939 460 2957 3
485 2939 672 2975 Gennad.
700 2943 753 2975 De
766 2943 881 2976 eccles.
897 2942 1127 2984 doymatibus.
1143 2952 1173 2975 ο.
1189 2941 1220 2976 2.
1238 2940 1318 2982 (PL.
1334 2941 1390 2981 42,
1406 2940 1507 2981 1213)
1524 2953 1530 2975 :
1559 2940 1636 2974 Non
1663 2940 1770 2974 Pater
1791 2950 1932 2973 carnem

304 3000 499 3044 assumpsit
530 3011 645 3044 neque
674 2999 827 3044 Spiritus
852 3002 1008 3040 sanctus,
1038 2999 1100 3033 sed
1121 2999 1233 3033 Filius
1259 3001 1417 3035 tantum:
1446 3001 1485 3033 ut
1511 2999 1571 3043 qui
1593 3001 1669 3033 erat
1689 2999 1724 3032 in
1745 2998 1933 3032 divinitate

304 3058 369 3092 Dei
404 3058 524 3100 Filius,
563 3059 639 3103 ipse
677 3058 779 3093 fieret
816 3059 851 3092 in
885 3058 1026 3092 homine
1060 3058 1215 3092 hominis
1240 3058 1352 3094 filius:
1389 3070 1432 3092 ne
1469 3069 1594 3092 nomen
1622 3058 1684 3091 filii
1712 3057 1754 3091 ad
1782 3057 1932 3091 alterum

304 3118 484 3159 transiret,
512 3118 572 3162 qui
599 3130 667 3152 non
694 3120 790 3151 esset
816 3118 1008 3152 nativitate
1035 3117 1145 3151 Filius
1173 3117 1247 3153 Dei.
