2106 3453
143 393 192 432 Π.

132 983 201 1021 111.

130 2488 201 2527 IV.

444 256 775 287 Inhaltsfibersieht
801 266 844 287 zu
873 257 941 287 den
971 257 1176 288 Sententiae
1204 256 1418 287 divinitatis.
1677 253 1771 289 203*

1679 353 1771 381 Seite

231 393 295 431 De
330 395 645 432 sacramento
680 393 1100 432 confirmationis.

229 458 350 496 Unde
384 458 613 509 sumpserit
646 458 864 497 exordium
1614 489 1621 497 .
1663 454 1772 496 126*

228 522 390 569 Quibus
424 523 478 561 sit
511 536 757 562 concessum
800 554 807 561 .
1614 554 1621 561 .
1664 522 1772 562 12?ss

226 588 342 634 Quae
376 588 430 627 sit
463 588 597 627 virtus
632 589 698 627 vel
734 588 917 627 efficacia
954 588 1075 627 liuius
1109 588 1361 627 sacramenti
1392 619 1399 627 .
1614 619 1621 627 .
1661 587 1772 627 127ss

227 655 289 691 An
326 653 519 692 omnibus
552 653 606 692 sit
634 654 918 692 necessarium
947 685 954 692 .
1614 684 1621 692 .
1663 652 1772 692 1271ς

227 718 373 756 Utrum
410 718 463 757 sit
497 718 664 768 dignius
699 718 908 769 baptismo
948 749 955 757 .
1614 749 1622 756 .
1665 718 1773 756 12&ss

229 782 467 829 Quaeritur,
502 783 537 821 si
570 783 694 821 ieiuni
729 783 910 822 debeant
945 783 1144 821 accedere
1184 783 1236 821 ad
1276 783 1354 821 hoc
1387 796 1623 821 sacramen-

308 850 410 895 tum,
452 850 493 887 et
527 849 560 887 si
597 848 782 899 episcopi
822 848 947 886 ieiuni
983 848 1164 886 debeant
1197 848 1411 887 celebrare
1452 848 1529 887 lioc
1562 861 1624 887 sa-

310 926 376 951 cra
384 915 569 952 mentum
1663 912 1742 952 128
1755 914 1773 936 ’⁴³

238 983 303 1022 De
338 986 654 1022 sacramento
688 983 882 1023 altaris.

230 1049 286 1086 Do
320 1049 455 1099 figura
489 1049 611 1087 liuius
646 1049 898 1088 sacramenti
950 1080 957 1087 .
1666 1047 1774 1087 128*

228 1113 287 1151 Dc
321 1113 581 1152 institutione
617 1114 739 1152 liuius
773 1113 1026 1152 sacramenti
1666 1113 1775 1152 129*

227 1178 464 1225 Quaeritur,
500 1192 625 1229 quam
659 1179 697 1217 in
733 1179 872 1230 specie
906 1179 1027 1229 panis
1061 1181 1101 1218 et
1135 1178 1216 1216 vini
1253 1178 1387 1228 magis
1421 1192 1545 1229 quam
1583 1178 1622 1217 111

309 1244 402 1288 aliis
436 1244 563 1283 rebus
599 1244 730 1283 voluit
763 1257 915 1295 corpus
949 1257 1070 1283 suum
1105 1244 1273 1283 tradere
1321 1275 1329 1283 .
1666 1242 1775 1283 130*

226 1308 464 1355 Quaeritur,
499 1322 630 1359 quare
664 1322 773 1359 aqua
807 1309 1090 1348 admisceatur
1662 1308 1773 1348 130*

228 1373 289 1411 De
323 1374 456 1412 forma
491 1374 613 1412 huius
647 1374 898 1413 sacramenti
950 1405 958 1413 .
1670 1373 1777 1412 1231*

228 1438 288 1477 'De
322 1438 522 1477 ineffabili
555 1439 787 1478 mutatione
821 1439 1056 1489 specierum
1099 1470 1106 1477 .
1669 1438 1777 1477 131*

230 1503 455 1550 Quaeritur
488 1504 539 1542 de
573 1504 638 1543 his
672 1517 779 1554 quae
814 1506 1044 1549 remanent,
1088 1504 1139 1543 ad
1175 1503 1274 1554 quid
1309 1506 1554 1542 remaneant
1587 1506 1628 1543 et

312 1569 351 1607 in
387 1569 541 1620 quihus
580 1600 587 1608 .
1666 1569 1778 1609 133*

235 1634 472 1683 Quaeritur,
507 1637 648 1674 utrum
682 1636 900 1686 frangatur
933 1648 1085 1686 corpus
1120 1635 1273 1674 Christi
1325 1666 1333 1674 .
1669 1635 1778 1687 1:345<

232 1699 466 1738 Videndum
502 1702 565 1739 est
599 1700 638 1738 in
674 1700 749 1739 hoc
781 1702 1060 1747 sacramento,
1095 1700 1195 1751 quid
1224 1700 1278 1738 sit
1305 1702 1628 1746 sacramentum,

312 1765 410 1816 quid
446 1778 514 1804 res
549 1765 800 1804 sacramenti

231 1830 469 1876 Quaeritur,
505 1831 538 1869 si
568 1831 762 1870 omnihus
790 1831 1102 1870 concedendum
1132 1831 1187 1870 sit
1213 1831 1291 1870 hoc
1318 1832 1627 1870 sacramentum

231 1895 469 1942 Quaeritur,
505 1899 643 1935 utrum
678 1899 792 1935 totus
827 1896 1019 1935 Christus
1053 1898 1245 1935 sumatur

231 1961 469 2009 Quaeritur,
510 1975 640 2012 quare
674 1962 713 2000 in
749 1962 914 2001 duabus
947 1961 1170 2013 speciebus
1210 1964 1414 2006 sumatur,
1456 1975 1548 2000 cum
1589 1962 1627 2000 in

313 2027 445 2065 altera
478 2029 593 2066 totus
627 2029 817 2066 sumatur
1100 2058 1107 2065 .

230 2092 435 2130 Videntur
475 2093 682 2143 quaedam
724 2092 998 2131 auctoritates
1040 2092 1161 2138 velle,
1209 2093 1320 2143 quod
1364 2105 1442 2130 11011
1481 2091 1536 2131 sit
1573 2091 1630 2130 ibi

314 2157 506 2196 Cliristus
540 2158 770 2196 secundum
807 2171 867 2203 se,
901 2158 975 2196 sed
1009 2160 1171 2197 tantum
1206 2157 1569 2196 sacramentaliter
1620 2187 1628 2195 .

233 2222 471 2269 Quaeritur,
521 2223 675 2273 quibus
720 2223 776 2261 sit
818 2236 1063 2262 concessum
1111 2223 1326 2261 celebrare
1373 2223 1449 2261 hoc
1494 2235 1631 2261 sacra-

312 2289 498 2325 mentum

232 2351 470 2399 Quaeritur,
526 2352 561 2391 si
607 2353 805 2392 haeretici
854 2353 919 2392 vel
965 2352 1221 2392 schismatici
1267 2365 1421 2403 corpus
1468 2352 1631 2390 Domini

313 2417 518 2456 conficere
550 2418 716 2469 possint
749 2418 816 2457 vel
850 2418 1032 2457 debeant

236 2489 301 2527 De
335 2488 667 2539 paenitentia.

232 2553 338 2600 Quid
373 2553 427 2592 sit
460 2554 717 2604 paenitentia

233 2618 458 2657 Sciendum
505 2621 581 2665 est,
631 2619 743 2669 quod
785 2619 824 2657 111
877 2632 925 2657 ea
966 2619 1046 2657 tria
1093 2618 1426 2663 considerantur,
1473 2618 1631 2657 scilicet

316 2683 454 2722 cordis
489 2683 695 2730 contritio,
730 2684 816 2722 oris
849 2684 1072 2730 consessio,
1107 2683 1247 2734 operis
1281 2683 1513 2722 satisfactio
1549 2714 1556 2722 .

233 2748 422 2795 Qualiter
462 2749 574 2787 Deus
616 2751 789 2799 peccata
830 2749 1012 2787 dimittat
1051 2751 1092 2787 et
1131 2748 1312 2799 qualiter
1350 2748 1550 2786 sacerdos
1593 2750 1634 2787 et

317 2814 526 2863 quomodo
560 2813 879 2863 intelligendum
914 2813 968 2852 sit

234 2878 472 2925 Quaeritur,
508 2881 647 2917 utrum
682 2881 855 2929 peccata
888 2879 1064 2917 redeant
1105 2909 1113 2916 .

235 2943 460 2990 Quaeritur
493 2944 544 2982 de
578 2943 659 2990 his,
695 2944 764 2994 qui
793 2946 890 2982 sunt
923 2943 962 2981 in
992 2943 1157 2981 duobus
1185 2942 1442 2988 criminibus,
1478 2942 1512 2980 si
1540 2955 1633 2992 pos-

317 3008 401 3047 sint
434 3009 485 3047 de
520 3022 600 3047 uno
633 3009 931 3059 paenitentiam
968 3021 1094 3058 agere
1130 3008 1383 3046 remanendo
1416 3007 1455 3045 in
1491 3007 1571 3046 alio

235 3073 460 3120 Quaeritur
493 3074 544 3112 de
578 3074 657 3120 his,
704 3074 774 3124 qui
809 3087 937 3112 causa
971 3073 1250 3111 verecundiae
1284 3072 1465 3111 diversis
1498 3085 1633 3111 sacer-

318 3139 487 3177 dotibus
521 3152 598 3177 sua
631 3139 881 3178 confitentur
914 3141 1088 3189 peccata

1619 2585 1628 2592 .
1670 2552 1779 2592 142*

1623 2714 1630 2722 .
1673 2682 1781 2722 145*

1622 2845 1630 2852 .
1670 2812 1782 2852 147ss

1624 2909 1631 2916 .
1672 2877 1781 2916 148*

1622 3039 1630 3046 .
1670 3007 1781 3046 150*

1623 3169 1631 3176 .
1673 3137 1781 3178 151*
