2106 3453
313 253 406 288 202*

663 256 995 288 Inhaltsiibersicht
1021 266 1064 287 zu
1093 257 1162 287 den
1191 257 1397 288 Sententiae
1424 257 1641 289 divinitatis.

1882 356 1902 382 S
1930 355 1935 361 .

431 392 471 432 2.
506 393 743 439 Quaeritur,
779 393 813 431 si
848 393 1040 432 Christus
1074 393 1128 432 sit
1160 394 1366 433 mediator
1398 394 1473 433 Dei
1508 397 1547 433 et
1581 395 1793 433 hominum
1819 426 1827 434 .
1868 358 1976 434 lOelng

432 457 471 497 3.
505 458 741 497 Secundum
779 471 902 508 quam
938 460 1131 497 naturam
1165 458 1219 497 sit
1252 459 1458 498 mediator
1817 491 1825 498 .
1866 459 1976 498 101*

430 522 471 562 4.
504 523 652 562 Utrum
687 536 800 562 mors
834 523 988 561 Christi
1021 523 1146 562 fuerit
1179 526 1488 563 sacramentum
1523 524 1785 563 remissionis
1818 554 1825 562 .
1866 523 1976 563 102*

432 587 470 626 Γ”).
504 587 741 634 Quaeritur,
776 588 809 626 si
846 588 1037 627 Christus
1071 601 1239 627 carnem
1273 591 1511 640 corruptam
1547 589 1734 640 suscepit
1818 620 1827 629 .
1865 588 1976 628 103*

312 662 542 705 Tractatus
573 663 623 703 V.
687 664 744 706 De
777 663 1065 705 sacramentis.

371 735 637 774 Prooemium
1819 769 1827 775 .
1866 735 1976 775 105*

435 806 470 844 1.
504 805 611 852 Quid
646 805 701 844 sit
735 808 1046 845 sacramentum
1081 837 1089 845 .
1820 837 1827 845 .
1865 805 1977 845 106*

429 870 469 910 2.
502 871 640 918 Quare
673 870 866 910 instituta
899 871 982 910 sint
1009 873 1273 910 sacramenta
1300 902 1307 910 .
1817 902 1825 910 .
1865 870 1976 911 107*

386 942 415 981 l.
451 942 518 981 De
552 944 869 981 sacramento
903 941 1157 993 baptismi.

433 1006 490 1046 De
524 1007 614 1046 eius
646 1007 951 1058 praenuntione
986 1008 1026 1045 et
1058 1006 1320 1046 institutione
1371 1038 1378 1046 .
1818 1038 1826 1046 .
1869 1006 1976 1046 109*

431 1072 670 1119 Quaeritur,
711 1085 841 1123 quare
876 1072 1136 1111 circumcisio
1170 1074 1211 1111 et
1244 1072 1325 1111 alia
1365 1074 1629 1111 sacramenta
1665 1072 1829 1111 Veteris

502 1137 758 1176 Testamenti
794 1137 1028 1176 cessaverit
1061 1137 1311 1176 adveniente
1346 1137 1554 1188 baptismo
1596 1167 1603 1174 .
1819 1168 1826 1176 .
1866 1135 1976 1175 110*

431 1201 669 1250 Quaeritur,
704 1203 737 1241 si
772 1203 914 1241 statim
948 1204 1045 1253 post
1076 1202 1273 1253 baptismi
1314 1202 1620 1241 institutionem
1657 1202 1825 1241 circum-

500 1267 601 1306 cisio
636 1280 755 1306 suam
789 1267 978 1306 amiserit
1011 1268 1239 1306 efficaciam
1297 1299 1305 1307 .
1818 1299 1826 1306 .
1867 1268 1975 1306 111*

431 1333 490 1371 De
524 1333 657 1372 forma
692 1332 815 1371 liuius
849 1333 1100 1372 sacramenti
1148 1364 1156 1371 .
1817 1364 1824 1371 .
1867 1332 1975 1371 111*

430 1398 568 1445 Quare
602 1398 641 1436 in
675 1411 785 1449 aqua
818 1398 959 1449 potius
992 1411 1117 1449 quam
1152 1398 1189 1436 in
1225 1398 1306 1437 alio
1339 1398 1502 1449 liquore
1536 1398 1773 1437 celebretur
1818 1429 1825 1436 .
1868 1396 1976 1436 113*

430 1463 655 1502 Sciendum
695 1466 773 1510 est,
820 1464 930 1514 quod
975 1463 1144 1514 quidam
1185 1463 1393 1515 accipiunt
1435 1466 1745 1502 sacramentum
1787 1465 1827 1502 et

502 1542 588 1567 rem
628 1529 894 1574 sacramenti,
941 1528 1011 1567 alii
1053 1531 1364 1567 sacramentum
1407 1531 1448 1567 et
1488 1542 1569 1567 non
1608 1541 1710 1574 rem,
1757 1528 1826 1566 alii

500 1607 586 1633 rem
622 1597 662 1633 et
696 1608 774 1633 non
809 1596 1118 1633 sacramentum
1150 1625 1157 1632 .

431 1659 657 1706 Quaeritur
690 1660 741 1698 de
775 1659 840 1698 1115
873 1660 944 1710 qui
978 1660 1016 1698 in
1052 1660 1200 1699 itinere
1234 1659 1482 1704 moriuntur,
1516 1672 1609 1698 cum
1643 1660 1692 1697 ad
1731 1659 1825 1710 bap-

497 1724 667 1763 tismum
701 1725 949 1772 accelerant,
986 1728 1123 1764 utrum
1157 1725 1376 1763 salventur

429 1789 653 1836 Quaeritur
687 1791 737 1828 de
766 1790 908 1840 pueris
943 1791 1011 1841 qui
1047 1790 1084 1828 in
1121 1790 1308 1828 articulis
1344 1789 1610 1828 necessitatis
1644 1790 1695 1828 ad
1731 1790 1826 1840 bap—

499 1855 667 1894 tismum
706 1855 847 1894 venire
881 1869 959 1894 non
994 1857 1185 1906 possunt,
1221 1855 1255 1893 si
1290 1856 1540 1894 damnentur
1590 1886 1598 1893 .

429 1920 653 1966 Quaeritur
687 1921 738 1959 de
772 1920 928 1959 adultis
961 1921 1032 1971 qui
1065 1921 1244 1959 contrito
1277 1920 1402 1959 corde
1437 1920 1610 1958 veniunt
1642 1921 1693 1958 ad
1728 1920 1825 1971 bap-

498 1986 683 2032 11511111111,
724 1986 758 2024 51
797 1985 836 2024 in
874 1986 1012 2025 cordis
1046 1985 1295 2025 contritione
1329 1985 1563 2024 dimittatur
1597 1985 1671 2032 eis,
1712 1987 1824 2024 ante-

498 2064 624 2102 quam
658 2051 923 2102 baptizentul

427 2116 589 2163 Quibus
622 2116 676 2155 sit
709 2129 955 2155 concessum
990 2116 1267 2155 ministerium
1304 2115 1540 2166 baptizandi
1591 2146 1599 2154 .

429 2181 667 2228 Quaeritur,
702 2181 736 2220 si
771 2182 823 2220 ab
858 2182 1068 2220 haeretico
1104 2181 1302 2232 baptizati
1328 2181 1580 2232 rebaptizari
1609 2181 1824 2220 debeant.

428 2247 665 2294 Quaeritur,
701 2260 783 2298 quo
817 2249 1005 2298 tempore
1039 2247 1275 2298 baptismus
1309 2247 1462 2286 debeat
1497 2246 1702 2285 celebrari
1742 2277 1750 2285 .

428 2313 488 2351 De
521 2312 631 2351 trina
662 2312 931 2351 immersione

428 2378 488 2416 De
527 2377 836 2429 multiplicitate
874 2378 1134 2432 patrinorum
1178 2378 1287 2416 solet
1328 2377 1488 2428 quaeri,
1534 2379 1672 2416 utrum
1718 2390 1826 2415 unus

500 2445 660 2482 tantum
695 2443 761 2482 vel
794 2443 939 2494 plures
973 2456 1068 2482 esse
1103 2443 1285 2482 debeant

429 2508 669 2555 Quaeritur,
704 2508 859 2558 quibus
893 2508 1094 2547 sacerdos
1128 2508 1281 2558 dirigat
1313 2507 1385 2546 illa
1417 2507 1567 2546 verba:
1609 2507 1754 2546 Credis
1786 2507 1825 2546 in

504 2573 632 2612 Deum
663 2575 755 2620 etc„
790 2573 854 2612 vis
882 2573 1113 2624 baptizari?
1149 2603 1156 2612 .

430 2638 668 2685 Quaeritur,
703 2638 738 2676 si
772 2638 925 2689 aliquis
959 2651 1004 2677 se
1038 2639 1173 2688 ipsum
1209 2637 1344 2689 possit
1378 2637 1592 2688 baptizare

429 2703 654 2750 Quaeritur
694 2703 744 2742 de
783 2703 867 2742 illis
907 2703 977 2754 qui
1019 2705 1117 2742 sunt
1156 2703 1196 2741 in
1235 2715 1409 2753 corpore
1449 2704 1643 2749 matrum,
1687 2704 1823 2741 utrum

500 2768 765 2820 baptizentur
798 2781 889 2806 cum
923 2770 1057 2807 matre

430 2833 669 2881 Quaeritur,
703 2833 739 2872 si
766 2833 897 2872 semel
925 2833 1123 2884 baptizati
1151 2833 1218 2872 vel
1246 2832 1440 2878 ordinati,
1470 2832 1650 2871 debeant
1678 2798 1824 2883 lebap-

499 2899 616 2937 tizari
652 2899 718 2937 vel
751 2898 983 2937 reordinari

429 2964 667 3011 Quaeritur,
702 2963 737 3002 51
771 2963 809 3001 111
845 2963 1054 3014 baptismo
1089 2963 1282 3002 omuibus
1315 2929 1489 3013 peccata
1522 2962 1821 3001 dimittantur.

429 3028 653 3075 Quaeritur
693 3029 744 3067 de
783 3028 874 3067 oleo
919 3031 959 3067 et
992 3028 1088 3078 igne
1122 3030 1163 3067 et
1196 3041 1316 3067 cereo
1350 3040 1458 3078 quae
1492 3028 1544 3066 ad
1578 3027 1821 3078 dignitatem

499 3094 751 3132 sacramenti
786 3096 1008 3144 ponuntur,
1043 3093 1143 3144 quid
1177 3093 1414 3143 significent
1446 3124 1453 3132 .

429 3158 669 3206 Quaeritur,
704 3171 811 3209 quae
844 3159 1102 3209 praecedant
1134 3158 1387 3209 baptismum
1446 3189 1453 3196 .
