2106 3453
333 254 398 288 154
407 253 423 270 *
921 254 1126 288 Sententiae
1153 254 1363 288 divinitatis.

318 359 527 410 probatur
560 357 819 410 quibusdam
852 357 1194 398 auctoritatibus.
1258 357 1331 398 Ait
1363 357 1608 398 Isidorus:
1646 356 1832 406 ,Maioris
1865 357 1953 397 cul-

320 448 400 487 pae
435 437 498 475 est
531 436 678 486 aperte
712 446 890 485 peccare
923 446 1054 486 quam
1088 433 1266 474 occulte.
1332 433 1564 485 Dupliciter
1597 433 1710 474 enim
1743 446 1842 474 reus
1876 437 1953 482 est,

321 510 392 561 qui
426 512 574 562 aperte
607 508 768 561 peccat,
804 510 903 561 quia
937 509 1024 560 agit
1058 512 1099 550 et
1131 509 1269 550 docet.
1335 510 1446 560 Agit,
1482 510 1585 550 dum
1619 512 1786 561 peccat;
1830 509 1955 550 docet

320 585 440 636 alios,
457 586 558 637 quia
581 585 693 626 malo
710 585 905 637 exemplo
921 585 1080 626 laedit‘.
1115 585 1173 625 Et
1194 585 1336 626 alibi:
1373 585 1543 625 Peccata
1562 599 1638 625 scia
1659 585 1762 624 sient
1780 584 1955 625 Sodoma

284 675 299 699 5
316 661 663 715 praedicaverunt
696 661 832 715 (15.3,
852 662 907 713 9).
960 661 1101 702 Item:
1139 661 1393 701 Descendmn
1428 665 1463 701 et
1498 661 1646 713 videbo,
1679 661 1715 701 si
1746 661 1954 714 completa„

270 1052 302 1077 10

272 1438 303 1463 15

273 2203 306 2228 ⁴25

321 737 363 777 id
408 740 472 778 est
515 739 833 786 consummata,
885 738 969 777 sint
1008 741 1175 790 peecata
1221 750 1360 777 eorum
1402 737 1522 791 (Gen.
1559 738 1625 788 18,
1657 735 1744 789 21).
1832 737 1953 777 Item

321 813 535 865 quaedam
581 813 723 866 portio
768 813 956 854 iustitiae
1002 816 1077 861 est,
1125 813 1219 855 aliis
1261 815 1264 862 Ι
1304 816 1484 865 peccata
1529 826 1608 853 sua
1651 812 1866 853 occultare
1913 814 2097 853 etflw5v0.

322 889 488 930 occulte
537 889 797 931 satisfacere.
877 889 961 930 Sed
1007 892 1157 930 contra
1202 890 1424 941 probatur,
1477 889 1593 942 quod
1650 889 1788 929 maior
1833 888 1956 929 satis-

322 965 449 1006 factio
494 965 756 1017 iniungenda
801 967 865 1006 est
909 978 986 1017 pro
1033 965 1208 1006 occultis
1251 965 1438 1017 peccatis
1483 978 1614 1018 quam
1659 978 1737 1017 pro
1782 965 1955 1017 apertis.

322 1041 446 1082 Unde
480 1041 838 1095 Hieronymus:
886 1041 930 1081 In
975 1041 1299 1094 comparatione
1341 1041 1523 1082 duorum
1564 1041 1775 1083 malorum
1816 1041 1957 1081 minus

322 1117 484 1158 malum
520 1120 584 1159 est
617 1119 696 1159 etc.
759 1118 903 1158 Item:
940 1117 1151 1159 Simulata
1186 1117 1383 1170 aequitas
1417 1130 1503 1158 non
1538 1119 1601 1158 est
1633 1117 1843 1169 aequitas,
1882 1118 1957 1158 sed

323 1193 479 1246 duplex
512 1193 728 1246 iniquitas.
793 1194 937 1235 Item:
985 1193 1133 1234 Melius
1181 1196 1245 1235 est
1286 1197 1435 1246 aperte
1466 1207 1658 1246 peccare,
1705 1206 1833 1246 quam
1878 1194 1957 1234 suh

322 1270 464 1323 specie
478 1270 692 1322 religionis
707 1270 981 1311 sanctitatem
1000 1270 1215 1311 simulare.
1236 1270 1360 1311 Unde
1375 1270 1477 1310 illud
1492 1269 1809 1322 propheticum:
1834 1269 1887 1310 Et
1901 1274 1956 1321 ϊιι,

321 1346 410 1399 filia
424 1346 536 1397 Sion,
554 1360 676 1401 ‘usque
692 1347 736 1386 in
749 1346 998 1400 Babylonem
1014 1346 1186 1399 ‹lacem-273,
1203 1346 1336 1401 ibique
1350 1346 1586 1387 liberaberis
1603 1345 1804 1400 (efiffisich.
1820 1346 1857 1398 4,
1871 1345 1956 1399 10).

324 1423 376 1463 Et
397 1423 438 1463 in
463 1423 484 1464 J
494 1423 574 1464 ob:
592 1422 807 1463 Baltltemn
828 1436 968 1476 regyzcm
989 1422 1206 1462 dissolvam
1228 1426 1263 1462 et
1280 1421 1383 1475 fune
1405 1423 1666 1477 cceeinyentm·
1687 1435 1800 1462 renes
1820 1435 1958 1461 eorum

325 1499 418 1553 (Job
442 1499 509 1550 12,
527 1498 611 1553 15³).
659 1499 739 1539 Per
774 1512 894 1550 reges
918 1498 1213 1550 intelliguntur
1241 1498 1505 1552 hypocritae,
1534 1498 1606 1551 qui
1628 1498 1736 1539 bene
1760 1496 1959 1538 videntur

323 1588 470 1627 regere
509 1588 682 1616 carnem
722 1588 861 1625 suam,
904 1575 979 1616 sed
1026 1574 1263 1625 baltheum,
1306 1575 1348 1615 id
1389 1578 1452 1617 est
1493 1574 1695 1616 virtutem
1737 1573 1958 1623 castitatis,

324 1664 455 1704 quam
490 1651 689 1692 videntur
727 1651 887 1692 habere
927 1652 1053 1692 solvit
1087 1651 1307 1701 Dominus,
1354 1651 1456 1692 dum
1499 1651 1598 1692 facit
1641 1664 1714 1691 eos
1754 1663 1878 1691 ruere
1917 1649 1958 1690 in

325 1728 665 1776 fornicationem,
711 1730 751 1768 et
788 1728 900 1778 fune,
944 1728 984 1768 id
1030 1731 1093 1769 est
1133 1728 1251 1780 gravi
1294 1728 1401 1769 falce
1435 1728 1776 1777 tribulationum,
1819 1727 1959 1767 accin-

271 1823 286 1848 ρ
326 1804 385 1855 git
426 1817 550 1844 renes
593 1817 757 1845 eorum.
820 1804 924 1845 Item
960 1804 1260 1856 Apostolus:
1310 1804 1452 1844 Sermo
1491 1804 1599 1844 alins
1636 1803 1684 1843 (Ze
1722 1817 1788 1844 ore
1829 1806 1957 1843 vesti-0

326 1894 407 1920 uzon
439 1880 643 1933 procedat,
677 1894 800 1934 quam
832 1881 884 1920 siz}
916 1881 961 1920 m
994 1880 1110 1920 corde
1143 1880 1267 1934 (Eplz.
1305 1881 1342 1932 4,
1365 1880 1453 1933 29).

468 1957 575 1998 Ecce
608 1959 842 2009 utrumque
875 1957 1106 2008 probatum
1142 1959 1219 2006 est,
1260 1959 1301 1997 et
1341 1957 1457 2008 quod
1500 1957 1636 2008 magis
1679 1958 1830 2009 peccat
1875 1955 1955 2004 ille,

327 2032 398 2085 qui
433 2035 580 2085 aperte
614 2046 744 2085 quam
779 2033 850 2085 qui
884 2033 1065 2082 occulte,
1115 2035 1155 2074 et
1193 2033 1328 2085 magis
1368 2033 1439 2085 qui
1485 2033 1663 2083 occulte,
1710 2046 1839 2085 quam
1886 2031 1957 2084 qui

327 2111 488 2161 aperte.
553 2109 636 2150 Sed
677 2112 741 2149 est
779 2108 1013 2159 sciendum,
1050 2109 1165 2161 quod
1199 2109 1240 2149 in
1273 2111 1470 2161 respectu
1503 2109 1738 2161 loquuntur
1772 2107 1958 2149 auctori-

328 2188 439 2226 tates
472 2185 592 2227 istae.
658 2185 827 2227 Primae
873 2170 1150 2226 auctoritates
1189 2198 1301 2238 quae
1340 2185 1499 2235 dicunt,
1540 2184 1657 2237 quod
1690 2184 1862 2236 gravius
1896 2185 1959 2224 est

327 2263 474 2313 aperte
502 2275 680 2313 peccare
708 2275 837 2314 quam
861 2261 1044 2303 occulte:
1080 2261 1402 2311 intelligendum
1433 2263 1510 2311 est,
1542 2262 1752 2313 quantum
1780 2259 1835 2300 ad
1863 2259 1957 2309 hoc,

328 2337 427 2390 quia
469 2337 575 2378 alios
608 2338 777 2379 doc-ent.
848 2338 1027 2390 Semper
1065 2338 1236 2389 gravius
1280 2340 1474 2390 peccant,
1521 2337 1593 2390 qui
1638 2338 1785 2389 aperte
1828 2349 1958 2388 quam

328 2414 400 2466 qui
434 2414 611 2455 occulte.
675 2414 761 2455 Sed
796 2413 908 2455 idem
941 2416 1163 2466 peccatum
1201 2416 1277 2464 est,
1312 2413 1428 2466 quod
1460 2414 1515 2455 ab
1549 2415 1732 2465 utroque
1763 2411 1960 2454 commit-

328 2491 444 2531 titur.
562 2490 648 2531 Sed
705 2490 739 2531 si
789 2490 1013 2532 venialiter
1070 2493 1111 2531 et
1161 2493 1308 2542 aperte
1359 2492 1534 2542 peccat,
1604 2489 1745 2530 minus
1794 2491 1959 2542 peccat,

275 2589 290 2613 3
330 2579 461 2619 quam
494 2567 567 2619 qui
600 2567 765 2608 occulte
798 2567 1087 2608 crii'ninaliter.
1153 2567 1379 2608 Extremae
1418 2566 1710 2615 auctoritateS,
1754 2578 1865 2618 quae
1897 2564 1960 2605 di-

329 2646 443 2693 cunt,
487 2644 603 2695 quod
651 2643 822 2694 gravius
862 2645 925 2684 est
958 2643 1122 2684 occulte
1164 2656 1356 2695 peccare,
1403 2642 1444 2683 in
1486 2644 1682 2694 respectu
1726 2641 1961 2693 loquuntur

329 2722 540 2771 quantum
574 2720 628 2760 ad
662 2719 923 2772 hypocritas,
967 2719 1039 2772 qui
1077 2731 1256 2771 peccare
1300 2719 1448 2759 volunt
1489 2721 1531 2758 et
1575 2717 1847 2758 sanctitatem
1881 2716 1961 2756 fin-

329 2809 439 2848 gere.
504 2796 694 2837 Eandem
728 2795 1011 2837 intentionem
1045 2795 1207 2837 habent
1246 2794 1465 2847 peccandi,
1510 2796 1556 2834 ut
1597 2793 1655 2834 illi
1698 2793 1771 2846 qui
1812 2795 1960 2845 aperte

470 2913 492 2945 4
518 2911 621 2945 docet
641 2911 729 2945 alios
750 2911 912 2955 exemplo
932 2910 1043 2944 laedit
1063 2912 1104 2943 B.
1174 2910 1194 2942 6
1220 2909 1354 2943 fuerint
1376 2911 1417 2945 B.
1490 2909 1531 2942 12
1557 2908 1680 2942 vivere
1700 2910 1740 2942 ut
1759 2908 1901 2953 paenite
1916 2926 1961 2931 —-

330 2983 370 3005 as
396 2982 500 3015 quam
528 2970 665 3004 occulte
692 2982 840 3015 peccare
867 2972 903 3003 et
923 2969 1153 3004 sanctitatem
1175 2968 1363 3003 ostendere
1384 2969 1425 3002 Β.
1478 2968 1519 3002 21
1549 2971 1585 3002 et
1604 2968 1633 3002 si
1653 2968 1701 3001 sit
1722 2969 1764 3002 B.
1815 2967 1859 3000 22
1885 2978 1961 3010 pec-

330 3032 413 3065 cant
438 3030 488 3064 illi
512 3033 551 3064 B.
645 3030 687 3063 27
716 3030 807 3074 quod
830 3032 871 3064 B.
965 3031 1090 3073 peccat
1111 3031 1152 3062 A.
1245 3028 1289 3062 29
1316 3030 1440 3073 peccet
1466 3030 1507 3061 B.
1548 3030 1664 3061 Locus
1685 3032 1875 3070 cormcptus
1895 3032 1962 3059 est:

330 3090 406 3124 sive
433 3089 666 3124 criminaliter
692 3092 727 3122 et
753 3091 875 3132 aperte
903 3091 1038 3133 peccat,
1067 3089 1125 3132 qui
1152 3087 1290 3122 minus.
1309 3115 1315 3121 .
1334 3115 1340 3121 .
1359 3091 1387 3121 A
1405 3087 1445 3121 B.
1591 3087 1635 3120 32
1662 3086 1787 3120 volunt
1811 3087 1960 3128 scripse,

330 3150 454 3183 nolunt
480 3151 568 3183 AB.
669 3149 715 3190 et]
744 3148 805 3182 sed
834 3152 874 3182 A.
