2106 3453
646 195 836 239 Tractatus
864 194 903 239 V.
956 204 1008 239 De
1034 193 1279 240 sacramentis.
1690 193 1778 239 129*

149 309 339 351 mentum
375 309 589 361 baptismi,
637 312 683 349 ut
714 309 914 358 diximus,
953 312 1016 350 est
1053 309 1110 350 ad
1145 309 1440 349 remissionem
1481 312 1776 361 peccatoruni;

148 388 468 426 sacramentum
495 386 832 426 confirmationis
854 385 907 426 ad
933 386 1064 425 robur
1087 388 1127 425 et
1154 398 1342 437 pugnam
1380 385 1598 433 vitiorum;
1634 398 1779 426 saera-

150 464 340 502 mentum
377 461 523 502 altaris
557 461 608 502 ad
645 462 1015 503 confirmationem
1051 462 1241 502 omnium
1277 461 1488 501 bonorum
1556 462 1600 501 In
1635 475 1779 502 sacra-

151 540 294 578 mento
342 538 543 590 baptismi
588 550 612 578 a
655 539 842 590 peccatis
890 538 1167 588 mundamur,
1213 538 1254 577 in
1304 540 1576 578 sacramento
1625 538 1779 578 confir-

148 613 349 654 mationis
384 616 533 654 contra
569 614 670 654 vitia
704 616 745 655 et
778 614 915 666 ipsum
952 614 1171 655 diabolum
1205 615 1477 654 roboramur.

292 689 338 729 Et
370 692 433 730 est
461 690 715 738 notandum,
750 690 868 742 quod
898 690 1006 730 sicut
1039 689 1121 730 alia
1155 692 1427 730 sacramenta
1460 703 1582 730 suam
1619 689 1780 729 habent

146 765 329 816 figuram
364 768 403 805 et
439 765 752 806 institutionem
788 768 828 806 et
854 778 1026 806 causam
1052 765 1345 814 institutionis,
1379 765 1438 806 ita
1462 767 1503 806 et
1523 764 1603 805 hoc
1636 778 1780 806 sacra-

150 844 346 882 mentum
388 841 568 892 figuram
610 854 731 882 suam
768 845 808 882 et
843 842 1153 882 institutionem
1196 844 1233 882 et
1276 854 1451 882 causam
1487 841 1779 882 institutionis.

266 918 449 968 Figura
478 918 626 957 liuius
653 918 964 959 sacramenti
985 919 997 943 1
1026 917 1103 958 suit
1135 931 1295 959 manna
1324 917 1439 967 illud,
1474 917 1632 958 scilicet
1657 917 1779 970 panis

146 994 410 1045 angelorum,
458 1006 543 1045 quo
586 994 697 1045 pasti
737 996 836 1034 sunt
874 994 945 1033 filii
986 993 1153 1034 ¹[sraelis
1196 994 1234 1033 in
1277 994 1447 1034 deserto
1491 993 1778 1045 quadraginta

146 1071 283 1120 annis,
324 1072 366 1110 et
405 1070 512 1110 sicut
551 1070 651 1109 illud
693 1083 853 1111 manna
893 1070 1090 1122 sapiebat
1132 1070 1170 1110 in
1212 1083 1285 1110 ore
1326 1070 1528 1122 ipsorum,
1575 1069 1778 1121 quicquid

144 1146 360 1195 volebant,
406 1146 465 1186 ita
499 1148 539 1186 et
573 1145 653 1186 hoc
687 1149 1007 1186 sacramentum
1041 1146 1153 1198 sapit
1188 1146 1226 1186 in
1262 1159 1334 1186 ore
1366 1148 1529 1195 nostro,
1575 1144 1775 1197 quicquid

146 1235 223 1262 nos
269 1222 481 1262 volumus.
557 1221 600 1261 Si
647 1222 772 1272 digne
818 1222 1075 1271 accedimus,
1122 1222 1234 1274 sapit
1278 1221 1408 1263 vitam
1455 1225 1697 1269 aeternam;
1744 1222 1777 1261 si

147 1298 332 1348 indigne,
367 1297 688 1338 damnationem
725 1300 993 1350 perpetuam.
1060 1298 1109 1338 Et
1142 1298 1251 1338 sicut
1277 1311 1437 1339 manna
1473 1311 1556 1338 non
1594 1298 1669 1338 fult
1702 1298 1777 1338 ‹tla-

145 1377 235 1415 tum
275 1374 367 1424 illis,
414 1373 491 1413 nisi
534 1376 633 1425 post
674 1374 901 1415 transitum
944 1374 1074 1415 maris
1114 1374 1244 1423 rubri,
1290 1375 1515 1415 submerso
1556 1374 1778 1426 pharaone

144 1463 240 1491 cum
284 1449 539 1491 satellitibus
580 1449 680 1500 suis,
723 1450 782 1491 ita
823 1452 864 1490 et
896 1450 976 1490 hoc
1009 1452 1326 1491 sacramentum
1368 1463 1453 1490 non
1496 1450 1623 1490 datur
1658 1450 1779 1490 nobis

142 1526 222 1566 nisi
261 1529 359 1578 post
399 1525 662 1577 baptismum
705 1526 929 1571 submerso
972 1526 1194 1578 pharaone
1239 1539 1334 1566 cum
1379 1526 1633 1567 satellitibus
1676 1527 1777 1576 suis,

144 1602 186 1641 id
220 1604 281 1642 est
316 1602 535 1642 destructo
575 1602 747 1642 diabolo
782 1615 877 1642 cum
912 1602 1024 1642 vitiis
1057 1605 1098 1642 et
1130 1602 1330 1654 peccatis.
1395 1602 1490 1642 Non
1531 1603 1643 1642 enim
1679 1616 1778 1654 pos-

145 1689 293 1717 sumus
327 1677 452 1728 digne
485 1677 540 1718 ad
574 1676 654 1718 hoc
687 1680 1006 1718 sacramentum
1048 1678 1265 1727 accedere,
1313 1678 1390 1718 nisi
1435 1679 1652 1719 destructo
1687 1678 1777 1719 dia-

148 1753 246 1794 bolo
282 1756 323 1794 et
355 1753 441 1794 suis
476 1753 600 1803 vitiis,
642 1753 759 1794 iuxta
795 1753 895 1794 illud
931 1754 1189 1806 Apostoli:
1237 1754 1383 1794 Probet
1422 1768 1461 1793 se
1504 1755 1779 1808 unusquisque

142 1833 176 1869 et
208 1830 265 1869 sic
296 1829 344 1869 (le
364 1843 475 1882 jum&
509 1830 576 1869 illo
608 1829 701 1869 edat
732 1834 768 1869 et
799 1830 847 1870 de
873 1831 993 1870 calice
1025 1830 1135 1870 hibat
1158 1830 1208 1881 (I.
1239 1830 1328 1870 Cor.
1356 1829 1527 1883 11‚2‹5*).
1586 1830 1636 1870 Et
1669 1830 1778 1870 sicut

142 1905 197 1945 illi
232 1918 307 1957 per
339 1918 459 1946 esum
494 1905 602 1946 illius
636 1905 717 1946 cihi
749 1909 1039 1958 pervenerunt
1072 1907 1126 1947 ad
1162 1909 1318 1947 terram
1356 1906 1651 1958 promissionis
1686 1920 1778 1947 ma-

142 1985 316 2023 nantem
353 1982 462 2023 lacte
495 1985 535 2023 et
568 1983 706 2033 melle,
740 1983 799 2023 ita
834 1985 873 2024 et
908 1996 985 2023 nos
1019 1983 1247 2024 confortati
1280 1983 1361 2023 hoc
1394 1984 1570 2036 spiritali
1601 1983 1694 2024 ciho
1722 1983 1777 2023 ad

141 2061 361 2099 aeternam
405 2058 718 2100 beatitudinem
762 2059 1028 2101 festinamus,
1082 2059 1243 2100 Hahuit
1281 2060 1462 2111 figuram
1503 2073 1624 2100 suam
1660 2060 1777 2100 simi-

141 2133 235 2174 liter
280 2136 597 2174 sacramentum
646 2134 726 2175 hoc
771 2135 810 2175 in
856 2135 1072 2176 oblatione
1118 2135 1186 2176 illa
1229 2135 1352 2187 panis
1393 2138 1434 2177 et
1472 2136 1557 2176 vini
1601 2137 1712 2177 sacta
1751 2150 1827 2177 aa·

142 2209 467 2260 Melchisedech,
504 2223 598 2251 cum
624 2213 911 2252 reverteretur
934 2211 1157 2252 Abraham
1191 2226 1216 2252 a
1250 2212 1381 2252 caede
1415 2212 1603 2264 quinque
1628 2226 1776 2263 regum

144 2285 265 2338 (Gen.
303 2287 369 2338 14,
396 2287 449 2326 18
482 2286 598 2341 sqq).

284 2361 552 2402 Institutio
597 2362 747 2402 huius
798 2363 1145 2404 sacramenti?
1189 2377 1214 2404 a
1260 2362 1485 2404 Salvatore
1537 2364 1647 2406 facta
1698 2368 1775 2415 est,

144 2438 319 2489 quando
365 2437 406 2478 in
452 2451 558 2479 cena
604 2452 760 2490 panem
808 2442 849 2479 et
894 2440 1068 2480 calicem
1115 2440 1331 2492 discipulis
1376 2441 1563 2492 porrexit
1612 2441 1774 2482 dicens:

150 2514 345 2566 Accipite,
379 2514 449 2553 hoc
481 2518 536 2553 est
568 2528 715 2567 corpus
742 2529 887 2555 merum.
951 2516 1270 2570 Quotiescunque.
1294 2530 1441 2569 panem
1475 2516 1583 2556 limae
1615 2522 1650 2556 et
1681 2518 1777 2557 rali-

286 2684 325 2718 11
356 2683 389 2716 in
419 2695 536 2717 eorum
566 2696 624 2718 ore
654 2685 695 2718 B.
821 2685 861 2718 13
890 2697 954 2718 nos
980 2698 1043 2721 om.
1072 2686 1114 2719 Β.
1228 2686 1269 2719 16
1296 2697 1373 2718 cuin
1402 2686 1563 2719 curribus
1591 2689 1625 2719 et
1653 2687 1777 2730 equiti-

144 2741 207 2775 bus
235 2743 309 2776 suis
326 2745 366 2776 R.
465 2743 515 2776 ita
531 2771 537 2778 .
555 2771 559 2776 .
579 2771 584 2776 .
607 2744 825 2777 satellitibus
852 2744 926 2778 suis
948 2757 1011 2779 rme.
1030 2747 1071 2779 A.
1170 2744 1214 2777 22
1239 2752 1317 2788 post
1348 2745 1397 2777 illi
1426 2747 1508 2779 add.
1523 2749 1551 2778 Α
1582 2746 1775 2780 israelitae.

144 2813 205 2845 pei·
231 2813 329 2835 esum
353 2814 416 2835 (mi.
432 2805 475 2835 A.
573 2809 650 2845 post
678 2803 925 2847 promissionis
951 2806 1034 2837 (ald.
1057 2805 1090 2836 B
1115 2804 1328 2847 palestinam
1351 2804 1531 2837 fluentem.
1629 2805 1671 2838 23
1700 2817 1777 2838 con-

143 2860 275 2894 firmati
303 2862 345 2894 B.
443 2861 488 2894 24
515 2861 727 2896 festinemus
748 2864 791 2897 Α.
855 2863 898 2896 26
926 2862 1094 2906 quinque]
1122 2865 1189 2897 sic!

289 3007 299 3025 1
327 3010 389 3042 ss.
416 3019 448 3052 p.
478 3008 543 3042 139
560 3009 598 3041 Β.

286 3066 299 3084 2
324 3069 387 3101 ss,
414 3067 474 3107 VI,
496 3069 515 3101 2
544 3069 624 3110 (139
639 3067 690 3110 c).

215 3137 388 3170 heiti-age
408 3138 469 3170 vn,
488 3139 566 3163 2—3.
605 3139 733 3170 Geyer,
754 3140 830 3164 sent.
852 3140 963 3165 divinit.
1622 3132 1634 3172 i

1801 1010 1833 1034 10

1802 1390 1832 1413 15

1799 1767 1832 1792 20

1798 2532 1832 2556 30
