2106 3453
323 249 412 286 116*
907 249 1112 285 Sententiae
1139 250 1351 286 divinitatis.

410 406 413 409 ,
463 356 569 396 Ecce
604 355 802 396 videntur
835 355 1077 396 contrariae
1111 369 1203 396 esse
1237 356 1343 396 istae
1376 356 1670 406 auctoritates,
1705 357 1783 396 nisi
1811 356 1950 397 deter-

322 431 552 472 minentur.
628 431 843 480 Quidam
898 431 1010 470 enim
1061 432 1244 483 primam
1297 431 1552 473 sententiam
1606 434 1753 472 tenent
1802 434 1843 472 et
1895 432 1953 473 ita

321 507 607 548 determinant
651 507 863 547 secundas
911 507 1209 548 auctoritates:
1260 507 1432 556 Dicunt,
1479 507 1596 558 quod
1642 507 1681 547 in
1730 508 1802 548 tali
1852 521 1954 548 casu

319 583 556 635 loquuntur
589 583 641 623 de
674 582 1049 623 contemnentibus
1077 585 1398 624 sacramentum
1416 584 1440 622 1.
1495 583 1624 623 Alii2
1653 596 1752 623 vero
1781 586 1956 624 econtra

284 659 511 699 5dicentes
569 659 627 698 ita
686 658 975 699 determinant
1040 658 1202 710 primas
1262 659 1563 700 auctoritates:
1639 658 1951 699 Auctoritatem

271 1056 301 1081 10

271 1435 301 1459 15

321 734 454 775 illam:
492 734 643 783 ‚Etiam
668 736 799 785 atque
820 733 951 773 etiam
973 733 1250 774 considerans
1277 736 1369 774 eto*
1398 734 1583 786 tempori
1609 734 1955 775 accommodant.

320 810 566 851 Secundum
611 810 703 850 illos
749 810 862 850 enim
909 810 1111 862 loquitur,
1155 810 1225 862 qui
1266 813 1388 851 erant
1428 811 1467 850 in
1508 810 1725 862 primitiva
1765 810 1955 851 ecclesia.

320 886 396 926 Illa
430 886 531 927 alia:
580 886 816 935 ,Quantum
856 886 1026 935 valeat‘,
1073 886 1226 926 dicitur
1265 886 1380 938 quod
1413 887 1663 927 retractavit
1701 899 1746 927 se
1788 886 1956 938 Augu-

322 963 494 1003 stinus.
559 962 634 1002 Illa
674 962 952 1002 Ambrosii:
1002 963 1217 1011 ,Ventrem
1260 976 1401 1004 meum
1442 963 1566 1003 doleo
1606 966 1714 1011 etcf,
1762 963 1956 1003 consolo-

322 1038 477 1079 latoria
505 1038 635 1079 verba
664 1039 780 1086 sunt;
818 1051 902 1078 non
931 1038 1125 1088 assertio,
1160 1038 1235 1078 sed
1264 1038 1512 1079 consolatio.
1566 1038 1694 1078 Illud:
1731 1038 1956 1090 ,Quicquid

321 1114 411 1163 vis‘,
453 1116 494 1153 et
538 1115 764 1165 ,peccator,
804 1126 1062 1165 quacunque
1103 1114 1236 1163 liora‘,
1281 1115 1378 1165 post
1411 1114 1672 1165 baptismum
1709 1113 1955 1165 loquuntur,

321 1190 427 1230 lllud
461 1190 577 1242 quod
619 1189 790 1229 dicitur:
836 1189 893 1239 ,Si
927 1191 1246 1230 sacramentum
1281 1189 1484 1241 baptismi
1519 1192 1626 1239 etc.‘,
1671 1189 1727 1230 ita
1762 1189 1958 1240 intelligi-

321 1269 403 1316 tur,
449 1266 565 1318 quod
609 1279 693 1306 non
737 1265 842 1306 fides
884 1266 1072 1318 propria,
1119 1266 1193 1306 sed
1236 1265 1340 1307 fides
1380 1266 1581 1307 ecclesiae
1621 1266 1772 1315 salvat,
1820 1269 1860 1305 et
1899 1266 1957 1306 ita

321 1343 470 1383 volunt
514 1342 667 1391 dicere,
714 1342 829 1394 quod
877 1355 1002 1382 nemo
1048 1342 1137 1382 sine
1184 1344 1458 1383 sacramento
1504 1342 1706 1393 baptismi
1752 1345 1955 1393 percepto

322 1421 465 1471 potest
499 1418 670 1467 salvari,
711 1418 811 1470 quia
846 1430 929 1458 non
964 1418 1096 1458 habet
1128 1418 1295 1468 signum
1331 1418 1493 1459 salutis.
1557 1417 1658 1458 Tria
1692 1420 1804 1467 sunt,
1845 1431 1957 1469 quae

322 1495 556 1535 certificant
598 1507 675 1534 nos
716 1494 768 1534 de
808 1494 946 1535 salute
987 1494 1183 1534 alicuius:
1232 1494 1492 1545 Baptismus,
1539 1493 1759 1544 sanguinis
1793 1493 1957 1543 effusio,

322 1584 404 1610 vox
432 1570 586 1611 Christi
615 1570 813 1610 dicentis:
849 1569 983 1609 Hodie
1016 1583 1167 1609 memma
1201 1571 1281 1610 etc.
1318 1569 1435 1622 (Luc.
1461 1569 1635 1622 :az-13).
1683 1569 1728 1609 In
1764 1582 1958 1621 quocun-

322 1660 404 1699 que
438 1646 611 1699 aliquod
646 1647 825 1686 istorum
860 1646 1031 1697 signum
1066 1646 1202 1689 suerit,
1238 1645 1368 1686 babet
1401 1645 1568 1697 signum
1603 1646 1765 1686 salutis.

464 1723 586 1763 Item
633 1722 762 1763 solet
812 1722 986 1774 quaeri
1035 1721 1092 1761 de
1131 1722 1302 1773 pueris
1346 1721 1427 1773 qui
1473 1721 1693 1762 articulo
1732 1721 1958 1762 necessi-

269 1819 290 1843 ρ,
323 1798 447 1840 tatis
480 1798 540 1838 ad
574 1797 883 1849 baptismum
921 1797 1093 1837 venire
1130 1810 1226 1837 non
1263 1800 1496 1849 possunt,
1542 1797 1579 1837 si
1608 1798 1956 1838 damnentur?

322 1874 640 1926 Augustinus
658 1876 691 1914 ⁴:
723 1874 961 1923 ,Mitissima
988 1887 1092 1915 sane
1120 1887 1351 1925 puerorum
1374 1887 1529 1925 poena,
1564 1874 1636 1925 qui
1661 1873 1763 1913 nihil
1787 1876 1959 1926 praeter

323 1951 528 2002 originale
578 1952 805 2003 peccatum
860 1949 1146 1990 addiderunt‘.
1228 1950 1511 2002 Propterea
1550 1949 1849 2002 quaeritur5
1900 1949 1958 1990 de

323 2027 516 2069 adultis
551 2026 634 2079 qui
669 2026 893 2067 contrito
926 2026 1079 2066 corde
1113 2026 1323 2066 veniunt
1365 2026 1425 2066 ad
1465 2026 1795 2078 baptismum,
1836 2025 1875 2065 si
1910 2025 1956 2066 in

324 2104 491 2144 cordis
526 2103 840 2143 contritione
869 2102 1163 2143 dimittatur
1191 2102 1280 2151 eis,
1315 2104 1589 2154 antequam
1613 2101 1959 2153 baptizentur.

288 2179 484 2223 5Multae
524 2179 804 2220 auctoritates
844 2178 1044 2219 videntur
1082 2178 1163 2218 hoc
1196 2178 1323 2218 velle:
1370 2178 1573 2226 Peccator,
1620 2191 1858 2231 quacunque
1895 2177 1960 2216 (lie

469 2334 482 2367 1
513 2333 712 2367 contrariae
742 2335 778 2366 et
800 2332 962 2376 obliquae
985 2342 1063 2365 esse
1082 2332 1120 2366 Β.
1220 2331 1240 2364 2
1267 2333 1391 2364 tenent
1417 2333 1451 2364 et
1472 2333 1611 2365 addidi.
1644 2333 1671 2364 A
1692 2333 1720 2363 B
1743 2330 1958 2364 sententiam

324 2393 375 2427 ita
402 2393 639 2426 determinant
667 2394 702 2425 et
722 2391 960 2426 secundas...
1061 2391 1078 2424 7
1107 2390 1198 2423 enim
1221 2402 1285 2423 om.
1310 2392 1359 2428 -4,·
1382 2395 1461 2435 post
1485 2389 1564 2423 illos
1585 2391 1667 2423 add.
1692 2392 1719 2423 A
1750 2389 1957 2433 respondeo.

328 2453 369 2487 18
397 2452 538 2496 aliquod
568 2455 608 2485 A.

325 2590 458 2633 absque
485 2590 708 2623 sacramento
734 2587 963 2632 baptismatis
989 2589 1130 2631 praeter
1157 2597 1226 2625 eos,
1255 2586 1314 2629 qui
1341 2586 1374 2618 in
1403 2584 1554 2618 ecclesia
1581 2583 1756 2617 catholica
1782 2584 1857 2617 sine
1879 2583 1959 2628 bap-

325 2649 471 2682 tismate
503 2659 565 2692 pro
605 2647 747 2681 Christo
780 2647 989 2690 sanguinem
1025 2646 1187 2684 fundunt,
1240 2656 1304 2678 nec
1341 2656 1490 2688 reguum
1519 2643 1695 2677 coelorum
1723 2645 1843 2686 potest
1869 2643 1960 2686 quis·

326 2720 431 2752 quam
459 2707 618 2751 accipere
644 2719 709 2740 nec
736 2706 848 2740 vitam
876 2708 1070 2740 aeternam.

472 2765 482 2783 ¹
509 2765 611 2799 Hanc
637 2765 852 2799 sententiam
879 2766 979 2798 tenet
1005 2765 1067 2797 SS,
1095 2775 1127 2807 p.
1159 2763 1222 2796 132
1239 2762 1276 2796 G.

469 2824 482 2842 '²
508 2825 551 2859 cf.
579 2824 674 2867 Mag.
704 2823 900 2863 Roland.‚
928 2835 959 2868 p.
989 2823 1020 2857 8.

468 2883 480 2901 3
506 2886 568 2918 SS.
599 2883 638 2925 V,
667 2884 686 2917 6
713 2883 796 2925 (132
812 2883 867 2923 D).

469 2943 481 2960 ⁴
508 2943 689 2986 August.
717 2944 906 2976 Euchirz'd.
935 2953 963 2975 c.
991 2942 1045 2976 93.
1072 2953 1104 2974 n.
1132 2941 1188 2976 23.
1217 2940 1296 2983 (PL.
1325 2940 1380 2980 40,
1409 2940 1507 2979 275);
1553 2939 1746 2973 Mitissima
1780 2950 1865 2972 sane
1891 2949 1960 2971 om-

326 3004 423 3038 nium
444 3014 557 3047 poena
577 3003 644 3036 erit
665 3013 796 3040 eorum,
824 3001 883 3045 qui
904 3003 1046 3045 praeter
1066 3003 1263 3044 peccatum,
1292 2999 1385 3043 quod
1410 2998 1582 3042 originale
1603 3000 1801 3037 traxerunt,
1824 2997 1958 3031 nullum

327 3063 472 3107 insuper
498 3061 721 3103 addiderunt.
749 3061 794 3096 cf.
822 3060 941 3094 Grat.
967 3072 995 3094 e.
1026 3060 1102 3095 136.
1131 3059 1172 3093 de
1200 3070 1294 3093 cons.
1324 3059 1354 3092 d.
1382 3058 1414 3094 4.

469 3120 482 3139 ⁵
509 3122 571 3156 SS.
598 3121 640 3161 V,
670 3121 687 3154 7
716 3120 797 3161 (133
813 3119 868 3160 A).
