2106 3453
323 225 413 261 194*
824 227 963 258 Walter
990 236 1063 258 von
1090 226 1136 260 St.
1158 227 1306 258 Viktors
1334 227 1470 259 Schrift

320 331 611 369 Aeternum:
646 329 833 367 Verbum
866 328 981 367 Patri
1015 330 1282 368 coaeternum
1302 328 1329 368 1.
1394 328 1531 367 Alieni
1563 328 1649 368 sint
1682 342 1705 368 a
1739 329 1873 376 nobis,
1914 318 1985 380 qui

321 395 475 434 Christi
515 408 538 433 a
578 394 699 432 nobis
740 407 906 433 carnem
947 394 1131 433 alienare
1171 395 1387 441 conantur,
1429 407 1580 433 novam
1614 396 1796 433 creatam
1831 394 1870 433 in
1905 395 1983 433 vir-

320 461 429 511 gine⁷
474 462 515 498 et
558 473 636 498 non
682 460 732 498 de
777 459 938 508 virgine
979 461 1190 510 sumptam
1229 459 1354 510 impie
1396 461 1651 499 asserentes.
1715 460 1815 498 Inde
1857 460 1985 510 igitur

321 527 488 576 sumpta
529 538 639 573 caro,
680 525 788 563 unde
829 526 920 563 orta
960 524 1105 575 virgo‘.
1171 524 1317 569 ,Sive2
1356 524 1589 563 coniunctis
1633 524 1722 563 sive
1766 525 1985 564 disiunctis

285 604 299 626 5
322 591 487 629 duobus
523 590 792 628 nihilominus
828 589 1117 640 perseveravit
1144 590 1182 628 in
1211 590 1347 628 tribus
1376 589 1514 628 unitas
1542 590 1794 640 personalis.
1840 591 1984 640 Aeque

320 669 428 694 unus
457 656 650 694 Christus
679 668 845 705 unaque
872 667 1067 705 persona,
1096 655 1282 694 Verbum
1311 655 1449 693 anima
1477 657 1516 694 et
1545 668 1641 694 caro
1669 655 1792 694 etiam
1823 657 1985 694 mortuo

321 721 486 759 homine
531 720 806 771 perduravit‘.
872 720 972 758 Cum
1019 732 1119 770 ergo
1167 720 1313 758 videas
1354 719 1565 758 Christum
1609 720 1648 758 in
1692 734 1773 759 una
1816 721 1985 771 quidem

321 799 502 837 persona
535 786 640 824 duas
674 785 830 823 habere
866 787 1052 831 naturas,
1087 798 1211 823 unam
1245 798 1328 835 qua
1362 797 1529 836 semper
1562 785 1652 829 fuit,
1693 786 1869 824 alteram
1903 799 1986 836 qua

321 864 417 890 esse
451 850 600 901 coepit,
635 863 708 888 cur
740 849 864 888 fateri
898 850 1080 894 dubitas,
1117 852 1160 889 ut
1194 862 1288 888 esse
1323 850 1433 900 cepit
1466 863 1519 888 ex
1552 852 1740 901 tempore
1774 851 1813 889 in
1846 864 1984 893 carne,

270 930 300 954 10
321 916 381 955 sic
426 916 564 954 carnis
610 928 778 965 qnoque
833 915 1025 953 miserias
1079 915 1243 966 cepisse
1295 915 1418 960 scire,
1470 915 1540 954 illo
1593 916 1814 955 dumtaxat
1861 917 1985 954 modo

320 981 584 1031 cognitionis,
625 993 748 1031 quein
784 981 906 1019 docet
939 980 1116 1019 defectio
1151 980 1302 1019 carnis.
1368 981 1564 1026 ‚Decuit3
1604 983 1645 1019 et
1678 994 1769 1019 611111
1804 994 1985 1030 summa,

321 1060 429 1097 quae
462 1046 500 1084 in
535 1046 623 1084 Deo
662 1048 727 1084 est
760 1047 800 1084 et
835 1046 947 1083 Deus
987 1047 1064 1092 est,
1107 1046 1265 1084 unitate
1305 1058 1551 1096 congruere,
1593 1047 1638 1084 ut
1677 1047 1887 1096 quomodo
1926 1046 1983 1085 ibi

320 1115 408 1151 tres
441 1124 648 1162 personae
681 1124 763 1149 una
797 1111 996 1157 essentia,
1036 1111 1093 1149 ita
1128 1111 1164 1149 in
1201 1124 1249 1149 eo
1283 1110 1355 1161 qui
1388 1111 1642 1150 constitutus
1676 1113 1739 1150 est
1780 1112 1986 1151 mediator

324 1177 398 1216 Dei
444 1177 720 1227 hominisque.
770 1176 890 1214 bomo
939 1175 1131 1215 Christus
1176 1176 1311 1222 Iesus,
1361 1176 1759 1215 convenientissima
1805 1177 1986 1227 quadam

271 1256 301 1280 15
323 1243 620 1282 contrarietate
654 1244 740 1281 tres
776 1241 985 1280 essentiae
1013 1241 1096 1280 sint
1130 1255 1211 1280 una
1236 1254 1432 1292 persona,
1470 1243 1512 1280 ut
1539 1242 1725 1280 salutare
1753 1255 1986 1281 sacramen-

321 1311 408 1347 tum
449 1321 634 1358 congrua
668 1307 850 1358 quadam
891 1307 1163 1346 similitudine
1206 1307 1412 1346 ambobus
1446 1308 1703 1358 respondeat
1735 1310 1775 1346 et
1807 1308 1989 1347 salvanti

324 1374 517 1413 videlicet
557 1375 597 1412 et
635 1373 813 1412 salvato,
878 1373 1051 1412 Tantam
1094 1373 1276 1423 denique
1314 1375 1485 1423 tamque
1529 1386 1777 1424 expressam
1822 1373 1987 1412 unionis

323 1440 405 1479 vim
447 1439 486 1478 in
530 1452 575 1478 se
617 1439 802 1490 praefert
844 1451 893 1477 ea
932 1451 1127 1489 persona,
1170 1438 1208 1476 in
1253 1451 1336 1489 qna
1370 1438 1483 1476 Deus
1525 1440 1566 1477 et
1608 1438 1731 1477 homo
1771 1452 1879 1477 1111115
1923 1441 1988 1478 est

324 1505 529 1551 Christus,
576 1506 622 1543 ut
660 1504 694 1542 si
735 1505 817 1542 duo
856 1503 926 1542 illa
966 1504 1017 1542 de
1056 1516 1102 1543 se
1140 1503 1317 1542 invicem
1357 1503 1591 1554 praedices,
1635 1517 1715 1542 non
1761 1504 1986 1549 erraveris,

268 1582 302 1606 20
326 1571 455 1609 Deum
492 1570 689 1608 videlicet
722 1569 929 1607 hominem
965 1571 1004 1607 et
1039 1569 1245 1608 hominem
1276 1569 1408 1607 Deum
1441 1582 1540 1607 vere
1574 1569 1862 1619 catholiceque
1895 1582 1988 1620 pro-

324 1636 532 1675 nuntians.
595 1635 684 1673 Non
720 1637 859 1673 autem
893 1634 1085 1673 similiter
1119 1635 1185 1673 vel
1219 1647 1387 1673 carnem
1431 1635 1481 1672 de
1521 1634 1659 1673 anima
1699 1635 1765 1673 vel
1805 1634 1984 1673 animam

323 1702 374 1741 de
408 1714 545 1747 carne,
581 1700 657 1739 nisi
693 1700 998 1739 absurdissime
1031 1699 1265 1750 praedicas,
1301 1699 1380 1738 etsi
1414 1699 1606 1738 similiter
1639 1700 1777 1738 anima
1810 1701 1850 1739 et
1885 1713 1981 1739 caro

322 1779 430 1805 unus
463 1766 515 1804 sit
550 1766 686 1804 homo.
758 1765 844 1804 Nec
885 1765 1051 1810 mirum,
1095 1765 1130 1803 si
1173 1778 1253 1803 non
1296 1777 1430 1815 aeque
1472 1765 1583 1815 potis
1626 1765 1680 1804 sit
1722 1765 1859 1804 anima
1905 1779 1982 1804 sua

322 1832 393 1870 illa
432 1831 548 1870 vitali
588 1830 667 1869 etsi
710 1843 786 1869 non
826 1843 973 1881 parum
1017 1830 1155 1868 valida
1194 1830 1423 1869 intentione
1464 1831 1683 1869 conectere
1724 1832 1850 1881 atque
1895 1831 1985 1869 suis

269 1908 302 1933 25
323 1897 544 1936 affectibus
578 1895 813 1944 astringere
847 1895 926 1934 sibi
960 1908 1141 1942 carnem,
1188 1897 1232 1934 ut
1265 1895 1344 1934 sibi
1379 1895 1576 1934 divinitas
1610 1896 1821 1934 hominem
1854 1896 1986 1941 illum,

323 1963 393 2013 qui
426 1961 767 2012 praedestinatus
801 1963 867 1999 est
894 1960 1023 1999 Filius
1052 1960 1127 1999 Dei
1154 1960 1194 1999 in
1223 1961 1391 2000 virtute.
1444 1961 1587 2011 Longa
1615 1963 1763 2000 catena
1795 1963 1836 2000 et
1864 1961 1984 2000 fortis

323 2027 373 2066 ad
420 2026 710 2077 stringendum
758 2028 823 2064 est
869 2025 1010 2064 divina
1051 2026 1397 2076 praedestinatio,
1442 2026 1494 2064 ab
1538 2027 1709 2064 aeterno
1753 2026 1862 2064 enim
1906 2027 1986 2065 est.

324 2092 429 2139 Quid
464 2091 632 2141 longius
666 2091 943 2130 aeternitate?
979 2090 1085 2137 Quid
1114 2091 1332 2130 divinitate
1358 2091 1602 2141 potentius?
1636 2090 1736 2129 Inde
1765 2093 1842 2138 est,
1875 2091 1987 2141 quod

324 2171 397 2197 nec
432 2159 565 2196 morte
599 2157 807 2195 incidente
842 2156 1053 2195 ullatenus
1088 2156 1189 2195 haec
1222 2157 1362 2195 unitas
1396 2156 1588 2195 intercidi
1620 2156 1755 2207 potuit
1771 2156 1800 2202 4,
1836 2158 1880 2195 ut
1914 2169 1988 2195 nec

269 2233 303 2258 30
324 2222 529 2262 divisione
563 2222 732 2273 quidem
764 2220 873 2260 facta
907 2221 1044 2260 carnis
1078 2223 1119 2260 et
1146 2221 1308 2260 animae
1336 2235 1359 2260 a
1387 2234 1511 2260 carne
1539 2221 1604 2260 vel
1638 2221 1775 2260 anima
1801 2221 1988 2260 Verbum

323 2288 596 2327 divideretur.
658 2286 811 2325 Mansit
857 2288 899 2325 et
943 2287 982 2325 in
1026 2286 1292 2337 separatione
1338 2286 1634 2337 inseparabilis
1682 2286 1834 2325 unitas.
1902 2286 1988 2325 Nec

324 2353 431 2392 enim
475 2353 545 2403 qui
587 2365 639 2390 ex
681 2354 800 2402 parte
841 2351 1014 2401 contigit
1057 2352 1282 2403 separatio,
1330 2352 1465 2403 potuit
1503 2352 1794 2403 praescribere
1826 2365 1987 2403 perma-

324 2418 436 2457 nenti
468 2418 507 2456 in
541 2418 642 2457 totis
675 2417 825 2456 tribus.
891 2416 989 2455 Sive
1030 2430 1130 2467 ergo
1169 2417 1401 2456 coniunctis
1445 2417 1535 2456 sive
1570 2417 1791 2456 disiunctis
1824 2417 1988 2455 duobus

324 2483 592 2522 nihilominus
615 2482 909 2533 perseveravit
930 2483 968 2520 in
992 2482 1128 2521 tribus
1149 2483 1444 2533 personaliter.
1498 2483 1643 2533 Aeque
1665 2495 1773 2521 unus
1796 2482 1987 2521 Christus

268 2558 303 2583 35
324 2561 489 2599 unaque
534 2561 728 2599 persona,
777 2547 977 2595 Verbunu
1027 2547 1165 2586 anima
1212 2549 1253 2586 et
1298 2561 1393 2586 caro
1440 2548 1564 2587 etiarn
1611 2549 1775 2586 mortuo
1823 2547 1987 2586 homine

323 2613 601 2665 perduravit‘.

465 2676 694 2719 Catlloliea.
757 2678 864 2716 Ecce
897 2677 977 2717 iste
1011 2678 1119 2717 sicut
1153 2680 1195 2717 et
1227 2678 1296 2717 alii
1330 2679 1539 2718 auctores.
1597 2677 1727 2716 Immo
1761 2676 1896 2715 omnis
1929 2676 1986 2715 di-

325 2743 420 2782 vina
466 2743 675 2794 scriptura
720 2744 909 2781 mortuos
955 2743 1141 2793 appellat
1186 2743 1389 2782 homines.
1458 2742 1547 2781 Non
1596 2741 1869 2792 ingredietur,
1916 2741 1985 2788 ait,

324 2808 524 2847 sacerdos
569 2808 620 2846 ad
664 2807 873 2846 hominem
920 2809 1144 2846 mortuum.
1219 2808 1269 2846 Et
1312 2807 1348 2846 si
1391 2807 1599 2846 inventum
1640 2804 1773 2858 fuerit
1814 2804 1988 2845 cadaver

468 2949 480 2967 1
507 2951 644 2982 Auctor
670 2951 729 2983 hic
756 2952 873 2982 multa
901 2951 1043 2982 omittit.

467 3002 480 3020 ²
505 3005 542 3035 L.
571 3014 598 3036 6.
628 3014 705 3044 cap.
735 3006 776 3036 X.
805 3014 839 3035 n.
869 3007 923 3036 22.
952 3005 1000 3043 (p.
1033 3005 1096 3035 801
1115 3004 1212 3043 AB).

467 3055 479 3073 ³
505 3058 541 3088 L.
570 3067 598 3088 6.
627 3066 705 3097 cap.
735 3058 798 3088 IX.
827 3067 860 3088 n.
890 3059 943 3088 20.
973 3058 1020 3096 (p.
1051 3058 1117 3088 800
1135 3056 1229 3095 BC).
1281 3057 1417 3087 Auctor
1443 3056 1501 3087 hic
1529 3056 1644 3087 multa
1670 3055 1836 3086 mutavit.

463 3106 477 3124 4
504 3110 641 3141 Auctor
666 3110 726 3140 1116
753 3118 871 3148 pauca
899 3110 1041 3140 omittit.
1093 3108 1135 3140 cf.
1164 3118 1198 3147 p.
1228 3110 1291 3140 801
1310 3109 1348 3139 A.
