2106 3453
12 1425 32 1452 f.
48 1425 82 1450 88
98 1426 136 1450 v¹'.

504 238 692 273 Tractatus
720 239 779 274 lV.
831 239 881 272 De
908 240 1131 273 sacramento
1158 238 1425 273 incarnationis.
1712 238 1781 272 57*

151 341 431 394 assumpsit
463 341 614 382 immo
647 344 845 384 natura.
910 342 1019 383 Dicit
1054 341 1167 382 enim
1202 342 1576 392 Augustinus1:
1613 341 1784 391 ,Forma

152 418 225 459 Dei
240 417 401 470 accepit
425 418 605 458 formam
628 418 767 467 servi⁶,
785 420 844 459 et:
882 417 1088 458 Divinitas
1110 420 1175 458 est
1198 417 1434 459 incarnata.
1461 441 1511 444 —
1541 417 1638 458 Sed
1661 430 1784 457 con-

151 496 228 535 tra
264 493 532 546 probatur,
566 494 699 545 quod
734 496 919 535 natura
953 495 1191 534 naturam
1219 506 1316 534 non
1341 492 1642 545 assumpsit,
1675 492 1785 533 sicut

151 582 228 611 nec
261 582 447 622 persona
478 582 724 622 personam,
758 570 822 611 his
855 570 1106 611 rati0nibus.

295 644 446 685 Dicunt
479 645 771 695 auctoritates,
805 645 922 698 quod
955 658 1180 687 assumens
1213 644 1377 697 aliquid
1416 645 1576 685 factum
1616 644 1670 685 sit
1708 656 1785 696 per

152 720 507 773 assumptionem,
550 722 666 773 quod
699 734 786 762 non
825 724 930 763 erat.
995 722 1104 763 Cum
1144 733 1242 772 ergo
1289 720 1434 762 divina
1479 724 1636 762 natura
1682 719 1785 760 nihil

151 798 205 838 sit
237 794 362 847 facta,
397 797 513 850 quod
546 810 630 838 non
665 800 790 848 esset,
824 811 902 839 nec
935 798 1028 850 ipsa
1060 810 1286 839 assumens
1317 799 1381 838 est
1411 810 1489 838 nec
1523 796 1684 849 aliquid
1716 810 1785 837 as-

153 873 349 926 sumpsit.
412 874 535 915 Item
575 874 678 915 nihil
723 875 958 927 assumpsit
999 874 1296 924 humanitatis,
1343 873 1423 914 nisi
1469 873 1586 926 quod
1634 875 1781 914 natum

154 951 216 990 est
250 950 302 991 de
329 949 504 1000 virgine.
568 949 678 999 Quia
712 962 812 1001 ergo
845 950 1047 992 divinitas
1081 950 1133 990 de
1166 950 1327 1001 virgine
1361 952 1465 991 nata
1498 962 1581 990 non
1618 949 1784 1000 legitur,

153 1039 231 1067 nec
263 1025 355 1078 ipsa
389 1039 561 1067 carnem
594 1026 795 1079 suscepit.
861 1026 1009 1068 Dicere
1048 1028 1208 1076 autem,
1252 1026 1367 1079 quod
1411 1027 1560 1066 natum
1606 1025 1659 1066 de
1706 1024 1789 1065 vir-

153 1101 249 1153 gine
281 1115 455 1143 carnem
490 1115 576 1143 non
610 1102 810 1155 suscepit,
845 1103 1080 1144 absurdum
1115 1102 1297 1144 videtur.
1362 1103 1484 1143 Item
1520 1102 1554 1142 si
1588 1101 1788 1142 divinitas

154 1178 390 1219 humanam
424 1179 624 1220 naturam
659 1178 860 1231 suscepit,
901 1178 1215 1232 plenitudinem
1260 1181 1300 1219 et
1342 1177 1634 1230 integritatem
1678 1177 1789 1218 illius

155 1257 337 1296 naturae
369 1254 585 1307 suscipere
618 1254 781 1296 debuit.
845 1254 970 1305 Quod
999 1255 1032 1295 si
1066 1254 1376 1307 plenitudinem
1403 1254 1789 1304 ,humanaenatu-

154 1344 227 1372 rae
261 1331 460 1383 suscepit,
494 1333 596 1372 tunc
629 1331 777 1372 debuit
810 1344 937 1384 posse
968 1331 1074 1384 pati,
1108 1331 1225 1383 possi
1253 1330 1375 1381 mori,
1404 1330 1521 1383 quod
1548 1332 1612 1371 est
1639 1331 1789 1371 contra

156 1420 307 1448 omnes
340 1408 620 1449 auctoritates
636 1410 664 1449 ⁶2.
704 1409 708 1461 Ι
752 1408 874 1450 Item
910 1421 996 1449 non
1031 1410 1095 1450 est
1127 1410 1310 1449 naturae
1343 1406 1504 1460 aliquid
1537 1419 1679 1459 agere,
1713 1406 1788 1447 sed

154 1497 379 1537 personae,
420 1483 527 1525 sicut
566 1486 750 1526 naturae
788 1498 874 1526 non
915 1487 980 1526 est
1022 1484 1208 1536 gignere,
1254 1484 1329 1525 sed
1373 1496 1599 1536 personae.
1662 1482 1788 1523 Item

157 1573 242 1601 non
277 1559 357 1600 nisi
389 1559 442 1600 de
475 1559 646 1601 Christo
682 1573 826 1601 verum
863 1563 940 1611 est,
975 1560 1092 1613 quod
1125 1573 1299 1602 carnem
1333 1560 1533 1613 suscepit.

298 1636 339 1677 Si
374 1649 476 1678 vero
510 1636 763 1689 opponitur:
806 1638 962 1679 Forma
1005 1637 1081 1678 Dei
1125 1636 1291 1689 accepit
1332 1636 1518 1678 formam
1560 1635 1685 1685 servi,
1729 1637 1788 1676 et:

157 1712 365 1754 Divinitas
397 1714 462 1753 est
493 1712 730 1763 incarnata,
766 1715 825 1755 et:
877 1713 1084 1755 Divinitas
1129 1713 1246 1755 venit
1284 1713 1339 1754 ad
1383 1726 1462 1753 nos
1507 1712 1703 1762 calciata,
1751 1714 1793 1753 et

156 1790 299 1831 cetera
329 1789 371 1829 in
404 1789 518 1831 hunc
550 1789 742 1839 modum,
777 1789 886 1840 dico,
923 1789 1040 1842 quod
1067 1789 1197 1830 homo
1225 1791 1267 1830 et
1294 1789 1426 1839 Deus,
1452 1788 1531 1830 etsi
1560 1803 1585 1830 a
1613 1787 1792 1829 diversis

157 1865 321 1906 naturis
353 1867 453 1906 sunt
479 1865 669 1916 nomina,
702 1868 850 1907 tamen
877 1866 1004 1907 unius
1030 1878 1255 1918 personae.
1322 1865 1454 1916 ‚Haec
1472 1867 1487 1890 3
1513 1877 1628 1915 vero,
1659 1864 1701 1905 id
1728 1865 1792 1904 est

301 1981 316 2013 1
343 1986 422 2023 post
449 1979 556 2014 immo
583 1982 666 2015 add.
688 1983 733 2014 W
751 1982 799 2015 et.
881 1980 901 2013 3
930 1982 1096 2014 naturam
1123 1981 1242 2015 omss.
1328 1979 1379 2013 sic
1396 1982 1426 2013 A
1499 1980 1521 2013 4
1547 1990 1612 2012 nec
1638 1990 1791 2022 persona-

156 2051 343 2084 personam
370 2039 448 2074 his.
467 2068 472 2074 .
491 2066 497 2073 .
521 2042 639 2074 Wnec-
657 2051 810 2085 persona
829 2039 886 2074 his
902 2069 908 2075 .
927 2067 932 2073 .
950 2069 956 2075 .
974 2046 1005 2073 A
1022 2042 1062 2073 B.
1164 2039 1183 2072 5
1210 2038 1444 2073 auctoritates
1463 2040 1492 2072 B
1513 2041 1557 2072 W
1569 2040 1734 2072 auc-tores
1751 2040 1791 2072 Α.

156 2098 204 2132 sit
241 2111 306 2133 om..
332 2101 360 2133 B
387 2110 573 2133 assumens
610 2101 667 2133 est
699 2098 833 2143 aliquid
862 2099 996 2133 factum
1018 2101 1071 2133 W.
1218 2097 1292 2142 per]
1326 2100 1473 2143 propter
1488 2100 1519 2131 A
1560 2099 1705 2142 propter
1742 2108 1793 2131 as-

156 2160 299 2202 sumpta
320 2160 370 2193 W.
463 2158 484 2192 8
505 2158 712 2203 assumpsit]
732 2160 955 2203 assumptum
977 2160 1029 2193 W.
1127 2159 1165 2192 11
1190 2156 1372 2200 divinitas]
1395 2157 1517 2191 divina
1533 2158 1574 2192 R.
1670 2157 1711 2190 12
1734 2156 1793 2190 hu-

157 2229 296 2251 manam
328 2219 493 2251 naturam
512 2220 557 2252 W
579 2217 756 2252 humanae
788 2203 1044 2253 naturaeAB.
1160 2217 1201 2251 13
1228 2217 1405 2251 humanae
1438 2216 1599 2258 naturae]
1637 2215 1795 2249 humani-

156 2275 244 2310 tatis
266 2278 315 2311 W.
393 2277 436 2310 14
462 2276 584 2310 debuit
604 2289 667 2312 om.
692 2279 742 2313 W.
820 2277 859 2311 17
887 2282 964 2320 post
984 2275 1126 2311 Christo
1153 2278 1236 2310 add.
1260 2277 1292 2309 B
1311 2287 1375 2309 seu
1393 2275 1517 2310 Verbo.
1593 2275 1635 2309 21
1659 2276 1793 2317 tamen]

157 2334 248 2369 unde
277 2337 317 2369 B.
417 2335 505 2370 haec
534 2337 716 2370 Gilbertus
736 2335 841 2370 huius
859 2338 888 2370 Α
904 2338 946 2371 Β.
1045 2335 1080 2369 id
1108 2338 1163 2369 est
1188 2347 1252 2369 om.
1269 2336 1300 2368 Α
1316 2336 1358 2368 Β.

301 2438 311 2455 ¹
338 2438 520 2482 August.
549 2441 600 2473 De
629 2441 806 2473 Trinitate.
831 2438 853 2473 l.
881 2439 906 2472 I.
934 2450 964 2473 c.
993 2439 1023 2472 7.
1050 2450 1083 2472 n.
1108 2438 1160 2472 14.
1187 2437 1340 2479 <PL.42‚
1369 2437 1464 2480 829).

300 2496 312 2515 '²
339 2497 468 2532 Confer
493 2510 545 2541 ea,
581 2510 672 2543 quae
711 2498 814 2533 Otto
851 2498 898 2532 de
934 2497 1139 2541 Freising
1166 2496 1415 2532 Gilbertum
1442 2497 1733 2532 Porretanum
1759 2497 1795 2530 in

158 2556 307 2590 concilio
334 2557 563 2591 Rhemensi
592 2557 726 2592 dixisse
747 2558 874 2592 refert:
905 2556 1034 2599 ‚Quare
1061 2560 1097 2591 et
1123 2556 1242 2591 aiebat
1267 2568 1305 2591 se
1327 2557 1554 2591 divinitatem
1576 2567 1656 2590 esse
1678 2555 1792 2589 Deum

158 2616 192 2649 in
215 2616 273 2654 illo
292 2618 430 2650 tantum
451 2628 558 2651 sensu
576 2617 779 2658 concedere,
808 2629 887 2661 quo
914 2617 1028 2651 Deus
1055 2617 1234 2661 ponitur
1260 2628 1334 2661 pro
1360 2618 1533 2652 natura..
1589 2616 1626 2649 [11
1647 2627 1687 2649 eo
1709 2626 1794 2649 vero

158 2675 320 2709 absolute
339 2676 531 2710 concedere
552 2688 621 2710 non
642 2676 780 2717 audere,
809 2688 888 2721 quo
909 2688 985 2721 pro
1006 2676 1206 2721 qualibet
1227 2688 1385 2721 person
1400 2687 1516 2710 arum
1547 2675 1624 2709 hoc
1645 2686 1795 2708 nomen

160 2734 294 2779 ‚Deus‘
317 2734 644 2776 accomodatur,
671 2747 714 2769 ne
736 2735 913 2776 videlicet,
941 2735 971 2769 si
1000 2735 1036 2769 in
1057 2734 1292 2769 determinate
1312 2734 1540 2779 profiteretur
1566 2733 1792 2767 divinitatem

160 2805 237 2827 esse
264 2793 387 2834 Deum,
424 2794 458 2827 id
486 2796 539 2828 est
567 2794 764 2838 quamlibet
796 2806 1039 2839 personarum,
1074 2796 1263 2837 cogeretur
1289 2793 1365 2828 sine
1393 2793 1689 2827 determinatione
1715 2804 1794 2827 con-

159 2853 285 2887 cedere
316 2853 484 2897 quicquid
521 2853 563 2887 de
595 2853 754 2898 qualibet
785 2865 1018 2898 personarum
1051 2855 1087 2887 et
1113 2853 1155 2887 de
1182 2853 1349 2893 essentia,
1383 2852 1506 2897 sicque
1533 2852 1566 2886 in
1594 2851 1685 2886 hanc
1712 2851 1795 2885 inci-

161 2912 260 2946 deret
286 2911 553 2952 absurditatem,
590 2915 635 2947 ut
670 2913 784 2947 sicut
817 2924 1048 2957 personam
1086 2912 1206 2952 Filii,
1244 2912 1306 2946 ita
1333 2911 1525 2945 divinam
1553 2911 1795 2946 essentiam

162 2970 504 3006 indeterminate
532 2972 823 3013 incarnatam,
863 2983 1035 3016 passam
1071 2971 1395 3006 confiteretur.‘
1449 2973 1556 3005 Gesta
1581 2972 1682 3004 Fretd.
1707 2973 1795 3013 Imp.

160 3028 182 3065 l.
210 3030 235 3065 I.
263 3042 291 3065 c.
307 3030 362 3066 58.
391 3030 444 3064 ed.
459 3029 501 3065 G.
524 3029 688 3070 Waitz,
716 3032 847 3073 script.
864 3032 945 3064 Rer.
965 3033 1081 3064 Germ.
1097 3041 1129 3074 p,
1147 3030 1202 3068 66,
1226 3029 1280 3065 67.
1302 3029 1382 3065 MG.
1401 3028 1458 3063 SS.
1474 3029 1552 3070 XX,
1569 3041 1601 3073 p.
1618 3028 1696 3068 382,
1715 3028 1795 3062 383.

305 3088 317 3107 ³
342 3088 541 3129 Gilbert‚
582 3091 634 3123 De
666 3090 805 3123 ducebas
846 3092 990 3122 natm-is
1032 3094 1063 3122 et
1099 3100 1169 3122 mm
1197 3100 1355 3132 persona
1390 3090 1426 3121 εἴη
1469 3089 1612 3122 Christo
1640 3087 1725 3126 (PL.
1741 3087 1795 3128 64,

165 3148 253 3182 1388
275 3148 300 3182 C
316 3148 374 3188 D):
422 3148 519 3182 Haec
551 3160 645 3189 vero,
673 3148 707 3182 id
729 3150 784 3182 est
805 3148 977 3182 divinitas
1006 3151 1040 3182 et
1063 3147 1276 3189 humanitas
1304 3149 1512 3182 naturarum
1533 3148 1617 3181 sunt
1637 3146 1795 3187 nomina;

1812 1040 1842 1064 10

1813 1425 1844 1449 15

1813 1804 1847 1828 20
