2106 3453
318 261 362 294 88
372 260 387 278 *
914 260 1120 294 Sententiae
1147 261 1358 296 divinitatis.

460 364 526 404 Ad
562 364 664 405 illud
698 365 915 405 ultimum:
951 364 1147 406 Christus
1179 379 1257 418 pro
1291 366 1491 406 omnibus
1518 365 1656 405 oravit
1685 365 1689 417 l
1719 367 1812 415 ete„
1848 365 1949 406 diei·
1971 379 1990 403 f.
2010 379 2052 404 93.

318 454 414 481 mus
447 454 534 481 non
571 454 662 482 esse
695 454 858 482 verum.
924 441 1043 482 Sicut
1083 442 1195 482 enim
1229 455 1307 494 pro
1341 442 1440 483 solis
1472 441 1804 494 praedestinatis
1838 441 1954 482 venit

320 519 361 559 et
394 519 591 557 mortuus
627 519 704 567 est,
739 517 798 558 ita
825 530 903 569 pro
932 518 992 558 eis
1020 517 1120 558 solis
1148 518 1299 559 oravit.
1336 544 1386 547 —
1422 518 1547 567 Quod
1574 520 1719 558 autem
1747 530 1825 569 pro
1854 516 1954 557 solis

318 592 651 644 praedestinatis
685 593 738 633 sit
770 597 982 644 mortuus,
1026 594 1188 635 multae
1220 597 1417 636 asserunt
1452 594 1745 635 auctoritates.
1807 593 1954 634 Habes

284 683 299 706 5
321 669 363 709 in
392 668 634 723 Evcmzcselz'o:
667 669 791 709 Dedit
817 670 1000 709 animam
1027 682 1142 710 snam
1172 669 1485 723 redemptionem
1514 683 1593 723 pro
1619 670 1758 709 multis
1786 669 1953 722 (Matth.

320 746 500 798 20,28),
547 748 589 785 et
630 745 731 786 alibi
775 746 876 786 dicit
919 746 1301 797 Augustinus1:
1347 746 1454 795 ‚Non
1498 746 1661 787 tenebit
1693 759 1791 786 eum
1824 759 1954 796 mom,

320 834 398 873 pro
444 834 529 873 quo
575 821 769 862 Christus
815 824 1010 862 mortuus
1057 824 1148 863 est‘.
1212 822 1255 863 Si
1300 822 1552 874 reperiatur,
1599 822 1713 874 quod
1761 822 1956 863 Christus

320 910 398 949 pro
431 896 631 937 omnibus
665 899 861 937 mortuus
909 897 975 946 sit,
1016 897 1218 938 subaudi:
1254 898 1604 939 Praedestinatis.
1652 898 1727 939 Vel
1761 911 1956 950 eompre-

321 972 482 1013 hendat
520 985 677 1023 genera
717 973 996 1025 singulorum,
1040 987 1125 1014 non
1167 973 1334 1024 singula
1372 986 1576 1025 generum
1597 977 1623 1016 2.
1692 974 1764 1014 Vel
1804 972 1957 1014 dieitur

270 1063 300 1087 10
320 1062 398 1101 pro
433 1049 634 1090 omnibus
668 1051 877 1099 mortuus,
911 1048 1013 1101 quia
1053 1049 1268 1090 sufficiens
1310 1049 1451 1090 hostia
1485 1052 1526 1091 et
1570 1049 1755 1102 pretium
1805 1049 1882 1090 fuit
1915 1051 1957 1090 et

323 1129 386 1166 est
420 1127 628 1178 quantum
665 1125 722 1167 ad
756 1138 801 1166 se
828 1138 906 1178 pro
930 1125 1124 1166 omnium
1152 1126 1305 1176 salute,
1339 1126 1374 1166 si
1401 1126 1597 1167 homines
1625 1126 1768 1167 velint.
1832 1125 1957 1166 Unde

323 1215 472 1242 omnes
505 1202 661 1243 salvati
693 1201 884 1252 fuissent,
918 1202 953 1242 si
989 1201 1235 1243 voluissent.

465 1278 503 1318 6.
551 1277 675 1318 Item
722 1278 1004 1330 quaeritur,
1063 1278 1103 1319 si
1149 1278 1386 1320 Christus
1431 1278 1671 1321 habuerit
1716 1278 1958 1320 maiorem

323 1354 596 1395 caritatem
640 1353 889 1395 omnibus.
972 1354 1064 1396 Hoc
1106 1355 1390 1407 Apostolus
1433 1355 1590 1397 clamat
1626 1355 1792 1396 dicens:
1842 1355 1958 1396 Com-

272 1442 304 1467 15
324 1431 489 1470 mendac*
533 1431 744 1470 caritatem
789 1443 906 1470 suam
952 1431 998 1470 in
1038 1430 1152 1470 nobis
1195 1433 1272 1471 ete.
1317 1430 1451 1484 (Rom.
1484 1434 1522 1483 5,
1545 1429 1603 1484 8).
1686 1430 1793 1472 Cum
1847 1429 1959 1471 enim

324 1507 501 1559 quidam
540 1518 619 1559 pro
659 1520 704 1547 se
738 1506 992 1557 moriantur,
1032 1506 1208 1559 quidam
1242 1520 1319 1559 pro
1354 1521 1399 1548 se
1433 1509 1474 1548 et
1505 1520 1583 1560 pro
1617 1506 1722 1558 aliis,
1764 1507 1959 1548 Christus

323 1596 411 1624 non
443 1596 520 1635 pro
555 1596 598 1623 se
632 1583 776 1635 aliquo
810 1583 954 1633 modo⁷
988 1583 1063 1624 sed
1095 1596 1174 1635 pro
1208 1583 1301 1625 aliis
1334 1585 1503 1625 tantum
1538 1586 1735 1624 mortuus
1768 1585 1845 1624 est.

466 1659 552 1700 Sed
586 1658 768 1709 videtur,
810 1659 926 1711 quod
966 1659 1118 1700 Petrus
1158 1673 1253 1700 eum
1288 1659 1458 1701 Christo
1492 1659 1644 1700 habuit
1668 1672 1818 1712 parem
1853 1659 1961 1701 eari-

326 1737 473 1777 tatem.
542 1734 651 1775 Dicit
696 1748 885 1787 namque
926 1735 1175 1787 auctoritas,
1218 1736 1334 1788 quod
1376 1736 1569 1776 maiorem
1604 1736 1816 1776 caritatem
1847 1748 1962 1775 nemo

272 1828 305 1853 ρο
325 1812 454 1864 habet)
501 1825 622 1866 quam
669 1816 713 1851 rut
757 1812 940 1852 (rotimum
985 1826 1103 1852 ,secam
1143 1816 1277 1865 ponat
1318 1813 1408 1866 quis
1443 1825 1525 1866 pro
1557 1813 1699 1852 mnicis
1732 1812 1816 1852 suis
1850 1811 1960 1865 (Joh.

328 1890 395 1940 15,
424 1887 509 1940 13).
572 1887 694 1929 Hane
728 1887 879 1929 habuit
910 1888 1087 1937 Petrus3
1129 1901 1263 1940 quare
1303 1900 1391 1929 non
1432 1887 1603 1929 videtur
1643 1887 1837 1929 Christus
1871 1900 1961 1929 ma-

325 1965 461 2006 iorem
503 1964 707 2005 habuisse
748 1964 1034 2006 dilectionem.
1079 1988 1130 1992 —
1174 1964 1259 2005 Sed
1300 1967 1418 2015 nota,
1459 1964 1572 2017 quod
1615 1963 1851 2005 auctoritas
1881 1963 1963 2005 ista

326 2056 415 2084 non
461 2042 687 2094 comparat
731 2040 931 2081 affectum
980 2040 1164 2091 affectui,
1211 2041 1286 2081 sed
1333 2041 1529 2082 effectum
1587 2040 1768 2090 effectui,
1819 2042 1866 2081 ut
1911 2040 1963 2081 sit

327 2132 496 2161 sensus:
543 2118 748 2159 Maiorem
794 2118 1086 2158 ostensionem
1120 2130 1194 2158 seu
1229 2117 1535 2158 exhibitionem
1571 2130 1657 2158 non
1693 2119 1836 2170 potest
1868 2117 1962 2170 quis

274 2208 307 2233 25
330 2195 642 2243 demonstrare,
677 2206 806 2245 quam
841 2193 1036 2234 Christus
1069 2194 1221 2234 mortis
1254 2194 1492 2234 cruciatum
1527 2193 1766 2234 subeundo.

471 2272 509 2311 7.
555 2270 679 2311 Item
725 2270 1016 2322 quaeritur,
1065 2271 1103 2311 si
1159 2270 1427 2312 tristitiam
1474 2270 1653 2311 habuit
1696 2270 1775 2311 vel
1813 2269 1963 2310 timo-

327 2348 475 2388 rem3.
540 2345 858 2398 Augustinus
904 2359 1058 2398 super
1091 2346 1347 2387 Psalmum
1403 2347 1477 2397 „In
1522 2349 1570 2387 te
1603 2346 1817 2387 Domine
1850 2359 1963 2398 spe-

471 2489 491 2524 3
517 2488 625 2534 quod]
651 2489 815 2534 quoniam
844 2491 886 2525 Β.
1034 2489 1054 2522 5
1080 2489 1357 2533 redemptionem
1387 2502 1450 2523 om.
1478 2491 1522 2524 A.
1680 2489 1700 2522 8
1727 2488 1897 2522 subaudis
1919 2491 1959 2524 Α.

330 2549 446 2584 9—10
472 2549 530 2583 vel
556 2561 617 2594 pro
645 2549 807 2583 omnibus
833 2551 995 2582 mortuus
1021 2551 1086 2588 est,
1114 2548 1149 2582 id
1176 2551 1231 2582 est
1256 2560 1318 2592 pro
1345 2548 1439 2582 omni
1466 2560 1598 2591 genere
1624 2547 1803 2581 hominum
1832 2547 1888 2581 vel
1915 2547 1962 2580 di-

330 2610 430 2649 eitur,
470 2620 534 2653 pro
573 2608 734 2642 omnibus
772 2610 933 2642 mortuus
966 2610 1030 2648 est,
1070 2607 1104 2641 id
1139 2610 1194 2641 est
1227 2608 1411 2641 sufficiens
1444 2607 1561 2641 hostia
1593 2607 1671 2641 fuit.
1729 2607 1963 2642 Unde...A.

332 2670 372 2702 11
401 2668 571 2703 Unde...
596 2666 795 2701 voluissent
820 2679 884 2701 om.
914 2669 955 2702 Β.
1104 2667 1144 2701 16
1172 2666 1328 2711 quidam]
1362 2666 1421 2700 alii
1450 2668 1491 2699 Β,
1637 2665 1801 2700 Christus
1827 2678 1890 2700 one.
1920 2667 1960 2704 Β,

333 2729 374 2761 17
401 2729 562 2761 mortuus
590 2728 645 2760 est
672 2738 735 2760 om.
764 2728 805 2760 Β.
906 2726 947 2760 21
972 2731 1055 2770 post.
1074 2725 1166 2759 hane
1188 2728 1269 2759 add.
1294 2727 1324 2759 B
1350 2737 1420 2769 qua-
1440 2725 1537 2759 nulia
1556 2725 1669 2759 maior
1689 2727 1745 2759 est
1764 2724 1961 2760 caritatem.

331 2787 375 2820 22
404 2786 626 2820 dilectionem
655 2797 719 2819 om.
752 2787 789 2821 A.
888 2785 932 2819 25
961 2784 1136 2827 Christus]
1164 2796 1226 2829 pro
1254 2784 1395 2818 Christo
1424 2786 1465 2819 B.
1564 2785 1608 2818 26
1635 2784 1762 2818 iterum
1790 2787 1833 2820 A.

476 2901 485 2918 ¹
512 2902 694 2945 August.
721 2903 764 2935 In
792 2902 871 2935 Joh.
899 2902 961 2934 Εὐ.
990 2906 1090 2934 tract.
1119 2900 1178 2934 ΠΙ.
1207 2912 1235 2936 (3.
1267 2899 1294 2933 1.
1321 2911 1353 2933 n.
1384 2899 1435 2933 13.
1454 2899 1534 2940 (PL.
1550 2899 1604 2940 35,
1631 2898 1756 2940 1402„
1794 2899 1861 2933 Sed
1895 2911 1961 2932 non

330 2963 366 2995 te
392 2961 426 2994 in
454 2964 635 2995 aeternum
662 2960 799 2994 tenebit
824 2960 1003 2995 vinculum
1029 2959 1182 3004 peooati3
1216 2959 1299 3003 quia
1325 2961 1474 2993 mortem
1501 2960 1598 2991 tuam
1625 2961 1805 2992 aeternam
1834 2958 1964 2992 oceidit

331 3032 427 3054 mors
452 3020 659 3065 temporalis
684 3019 826 3053 Domini
852 3019 915 3054 tui.

475 3079 487 3096 ²
513 3080 559 3115 ef.
585 3079 768 3122 August.
796 3080 1035 3112 Εηοὴίνίᾱίοη
1063 3090 1093 3114 c.
1123 3078 1199 3113 103.
1226 3090 1258 3111 n.
1286 3077 1340 3114 27.
1372 3076 1453 3119 (PL.
1474 3077 1530 3118 40,
1552 3077 1645 3118 280).

474 3137 487 3156 ⁸
512 3140 574 3173 SS.
600 3139 626 3173 L
658 3139 710 3172 17.
738 3139 793 3180 (75
809 3139 875 3183 B);
902 3138 1016 3172 Petr.
1044 3137 1182 3172 Lomb.
1211 3139 1304 3171 Sent.
1330 3136 1353 3172 l.
1380 3137 1442 3170 ΙΙΙ.
1472 3136 1501 3172 d.
1534 3137 1587 3171 15.
