2106 3453
310 262 402 298 104*
904 263 1107 296 Sententiae
1135 262 1348 297 divinitatis.

305 367 440 408 Maria
494 367 584 408 sine
629 366 977 418 concupiscentia
1034 366 1230 408 ministra
1280 366 1500 407 descendit
1519 367 1545 407 1.
1629 367 1680 407 Et
1729 367 1787 407 sic
1837 380 1937 408 caro

307 442 462 483 Christi
507 443 562 484 ab
610 442 829 502 Abraham
865 454 1001 494 usque
1040 442 1096 483 ad
1130 442 1306 483 Mariam
1341 441 1574 492 descendit,
1607 455 1683 494 per
1716 442 1940 494 concupis-

308 519 491 559 centiam
537 532 563 560 a
600 518 735 560 Maria
778 517 921 559 decisa
966 520 1008 558 et
1041 517 1080 558 in
1124 517 1295 559 Christo
1329 518 1528 559 traducta
1562 520 1625 559 est
1660 530 1744 558 non
1778 518 1941 559 semine

308 594 429 642 virili,
471 594 547 635 sed
589 594 744 635 ardore
787 593 971 645 Spiritus
1013 593 1164 641 sancti,
1202 593 1388 635 obnoxia
1427 606 1554 634 carne
1588 593 1778 645 virginis;
1814 596 1856 634 et
1888 594 1940 634 de

271 671 470 722 5virgine
512 670 699 722 suscepit
741 670 948 711 Christus.
1026 670 1148 710 Unde
1192 672 1438 722 corruptam
1482 670 1721 721 suscepisse
1761 670 1941 711 videtur.

260 1068 289 1092 10

262 1448 292 1472 15

263 1831 296 1855 20

311 748 521 787 Damnata
557 749 621 787 est
655 746 767 787 enim
802 745 1017 786 sententia
1050 746 1233 795 illorum,
1268 745 1339 798 qui
1368 745 1568 786 dixerunt
1595 745 1813 798 quandam
1842 759 1941 798 par-

307 822 497 872 ticulam,
532 835 643 874 quae
678 822 717 862 in
750 822 890 874 primo
922 824 1103 874 parente
1137 822 1385 874 incorrupta
1413 821 1633 872 remansit,
1661 834 1737 873 per
1763 834 1940 873 genera-

308 898 436 939 tionis
480 900 631 938 scriem
678 911 813 950 usque
855 898 910 939 ad
956 897 1135 939 Mariam
1182 897 1465 947 descendisse,
1511 900 1552 938 et
1593 897 1707 938 illam
1754 898 1940 938 Verbum

309 975 542 1027 accepisse;
588 975 702 1027 quod
749 988 799 1015 ex
842 973 982 1014 verbis
1022 974 1101 1014 illis
1143 973 1399 1014 Johannis
1433 974 1688 1014 confirmare
1721 973 1941 1014 volebant:

316 1051 397 1101 Qui
427 1050 475 1090 de
506 1064 671 1091 surszmz
705 1051 824 1102 venit,
857 1063 981 1103 super
1014 1063 1147 1090 omnes
1179 1054 1248 1101 est,
1283 1049 1394 1104 (Jolz.
1421 1052 1461 1102 3,
1484 1051 1570 1101 31),
1605 1049 1646 1090 id
1677 1052 1753 1099 est,
1787 1050 1840 1090 de
1873 1049 1943 1090 illa

311 1127 536 1168 altitudine
569 1126 787 1167 humanae
821 1129 1016 1176 naturae,
1050 1125 1092 1166 in
1125 1139 1210 1178 qua
1244 1128 1336 1167 erat
1368 1128 1469 1167 ante
1500 1127 1727 1178 peccatum
1746 1128 1772 1166 2.

459 1202 527 1243 Sic
567 1214 667 1253 ergo
708 1215 807 1243 caro
847 1202 1008 1243 Mariae
1047 1203 1225 1254 peccato
1259 1204 1301 1242 et
1334 1201 1595 1254 corruptioni
1629 1201 1816 1242 obnoxia
1848 1203 1948 1241 ante

311 1279 548 1320 adventum
592 1278 776 1331 Spiritus
818 1279 975 1327 sancti,
1019 1278 1095 1319 sed
1136 1291 1212 1330 per
1253 1278 1458 1330 Spiritum
1501 1280 1697 1319 sanctum
1738 1276 1947 1318 mundata

314 1357 355 1395 et
397 1355 678 1405 sanctificata,
723 1357 764 1395 et
806 1367 907 1395 mox
948 1356 1012 1395 est
1054 1353 1108 1395 ab
1152 1367 1201 1395 eo
1244 1354 1382 1395 carnis
1420 1354 1626 1405 languore
1664 1353 1819 1403 soluta,
1861 1365 1946 1405 quo

314 1444 413 1472 caro
457 1430 516 1473 ita
560 1434 763 1483 corrupta
809 1433 885 1480 est,
941 1433 989 1471 ut
1034 1429 1179 1471 statim
1225 1444 1276 1471 ex
1321 1430 1411 1471 eius
1456 1429 1757 1470 coniunctione
1801 1428 1947 1470 anima

313 1507 466 1559 culpae
507 1507 737 1549 contrahat
777 1507 1009 1548 maculam.
1090 1506 1186 1547 Non
1229 1509 1377 1547 tamen
1420 1506 1644 1556 concedas,
1688 1505 1803 1558 quod
1847 1518 1947 1546 caro

314 1583 470 1624 Christi
503 1583 581 1623 fuit
614 1586 817 1635 corrupta
860 1583 926 1623 vel
971 1583 1207 1635 assumpsit
1239 1595 1412 1623 carnem
1447 1584 1708 1634 corruptam,
1743 1580 1946 1633 quoniam

314 1659 395 1700 hoc
440 1662 614 1700 sonaret
656 1659 811 1700 locutio
858 1659 899 1699 in
934 1659 1110 1699 auribus
1144 1657 1246 1699 tuis:
1291 1671 1391 1699 caro
1426 1658 1583 1698 Christi
1617 1657 1695 1698 suit
1728 1659 1946 1709 corrupta,

319 1736 361 1776 id
395 1738 471 1785 est,
517 1739 747 1788 postquam
785 1735 862 1776 fuit
894 1738 1110 1788 corrupta,
1144 1735 1340 1776 Christus
1373 1734 1608 1787 assumpsit
1647 1746 1820 1775 carnem
1854 1746 1949 1774 cor-

316 1814 502 1864 ruptam,
546 1811 587 1851 id
629 1814 705 1861 est,
750 1825 834 1852 non
876 1811 994 1864 prius
1028 1811 1103 1851 fuit
1142 1811 1353 1851 mundata
1385 1812 1427 1851 et
1458 1813 1610 1863 postea
1643 1809 1838 1862 sumpsit,
1873 1809 1947 1850 sed

316 1891 563 1940 corruptam
597 1888 774 1941 accepit,
808 1888 924 1941 quod
958 1887 1233 1929 falsissimum
1268 1900 1359 1928 esse
1392 1887 1591 1928 omnibus
1624 1888 1758 1939 patet.

458 2037 549 2070 2*ss
576 2039 612 2070 et
638 2037 927 2081 concupiscentia
956 2039 996 2071 Α.
1102 2037 1122 2069 6
1150 2036 1272 2069 dicunt
1295 2040 1334 2070 A.
1441 2036 1459 2069 7
1487 2035 1590 2079 quael
1619 2046 1722 2079 quam
1753 2038 1794 2068 Α.
1902 2034 1951 2067 in-

318 2098 519 2140 corruptam
547 2096 762 2130 remansisse
789 2099 824 2130 et
851 2099 893 2130 A.
1022 2097 1042 2130 9
1065 2101 1147 2139 post
1172 2095 1353 2139 accepisse
1381 2097 1463 2128 add.
1490 2096 1515 2126 A
1547 2094 1680 2129 dicunt.
1799 2094 1839 2127 10
1868 2092 1948 2136 Qui]

319 2154 418 2196 Quod
446 2158 488 2189 A.
592 2157 632 2189 14
658 2156 775 2189 soluta
801 2168 864 2189 om.
887 2157 929 2190 Β.
1030 2156 1071 2189 16
1098 2154 1311 2188 contrahant
1340 2157 1378 2188 B.
1488 2153 1623 2187 17—18
1650 2153 1706 2187 vel
1728 2182 1734 2188 .
1758 2180 1765 2187 .
1788 2180 1794 2186 .
1816 2152 1951 2194 Christi

319 2215 387 2248 fuit
412 2217 579 2258 corrupta
605 2228 667 2251 oms.
692 2218 734 2250 A.
902 2215 942 2249 19
971 2214 1135 2249 Christus
1161 2226 1225 2248 om.
1250 2217 1289 2247 A.

464 2342 474 2359 ¹
503 2345 565 2378 SS.
593 2343 635 2376 73
651 2342 690 2374 Β.

464 2400 476 2418 '2
502 2402 563 2435 SS.
591 2400 627 2433 TA·
656 2411 702 2434 c.:
749 2399 899 2441 Quidam
926 2399 1051 2432 volunt
1077 2399 1204 2438 dicere,
1232 2398 1322 2442 quod
1351 2399 1443 2431 sicut
1468 2399 1549 2431 ante
1571 2400 1754 2441 peccatum
1782 2397 1816 2430 in
1838 2396 1950 2430 Adam

321 2461 389 2494 fuit
423 2460 484 2496 illa
519 2460 695 2504 particula
726 2459 858 2493 munda
894 2462 929 2492 et
961 2460 1097 2498 sancta,
1135 2458 1185 2491 ita
1221 2460 1256 2490 et
1282 2459 1362 2501 post
1388 2459 1573 2501 peccatum
1601 2457 1636 2490 in
1662 2456 1739 2500 ipso
1760 2459 1796 2489 et
1821 2457 1855 2489 in
1884 2468 1953 2489 om-

322 2520 425 2553 nibus
462 2519 730 2554 successoribus
764 2521 863 2552 recta
901 2517 998 2551 linea
1030 2528 1122 2561 uque
1149 2516 1192 2550 ad
1220 2516 1368 2549 Mariam
1396 2518 1609 2549 conservata
1635 2515 1692 2549 sit.
1747 2514 1789 2549 Et
1813 2515 1879 2549 hoc
1906 2515 1952 2548 di-

322 2581 406 2613 cunt
431 2590 469 2612 se
496 2590 516 2611 a
542 2578 755 2621 Gregorio
782 2577 923 2611 habere.
962 2576 1019 2611 cf.:
1048 2576 1188 2619 Hugo,
1218 2577 1269 2608 Da
1301 2587 1391 2609 sacr.
1420 2575 1458 2609 L.
1488 2575 1531 2608 ΙΙ.
1558 2586 1591 2619 p.
1614 2575 1637 2608 Ι.
1661 2587 1689 2609 c.
1713 2575 1743 2609 5.
1765 2574 1845 2616 (PL.
1877 2575 1952 2615 176,

322 2643 390 2677 382
407 2643 470 2684 B):
511 2642 588 2676 Tali
624 2654 708 2685 ergo
747 2653 785 2675 se
820 2641 957 2675 ratione
993 2640 1143 2685 probare
1169 2641 1307 2684 putant,
1347 2639 1440 2682 quod
1466 2650 1546 2672 caro
1573 2638 1644 2679 illa,
1672 2650 1762 2683 quae
1788 2650 1808 2672 a
1836 2638 1953 2672 Verbo

322 2704 508 2746 assumpta
534 2704 598 2742 est,
627 2712 819 2745 numquam
847 2700 998 2734 obnoxia
1025 2701 1171 2743 peccato
1199 2699 1336 2733 fuit...
1364 2697 1430 2731 Sed
1458 2697 1656 2732 catholicae
1682 2698 1846 2732 veritatis
1873 2698 1953 2731 defi-

322 2762 410 2795 nitio
449 2761 576 2794 Filium
615 2760 707 2795 Dei.
731 2789 737 2794 .
761 2790 766 2796 .
791 2760 832 2793 de
871 2771 976 2793 carne
1009 2758 1161 2793 obnoxia
1193 2760 1338 2802 peccato
1370 2769 1510 2791 carnem
1545 2757 1783 2801 assumpsisse
1823 2757 1953 2791 asserit

323 2822 471 2855 liberam
521 2833 541 2855 a
591 2823 737 2865 peccato
776 2821 822 2858 ¹et
868 2819 946 2853 ideo
984 2818 1131 2852 liberam
1176 2816 1260 2861 quia
1311 2815 1510 2851 liberatam.
1610 2816 1717 2859 Mag.
1753 2816 1948 2856 Roland„

324 2893 356 2926 p.
386 2880 462 2919 163,
500 2881 584 2914 164:
636 2879 691 2912 Ad
738 2878 826 2912 haec
875 2880 958 2912 sunt
1008 2877 1152 2922 quidam
1197 2876 1366 2917 dicentes,
1425 2876 1539 2920 ipsam
1587 2886 1766 2919 nunquam
1805 2877 1951 2919 peccato

324 2939 502 2974 subditam
542 2939 663 2977 fuisse,
703 2938 765 2972 sed
804 2937 918 2971 Adam
958 2938 1127 2981 peccante
1165 2935 1342 2979 quandam
1381 2934 1592 2979 particulam
1628 2946 1752 2979 puram
1791 2938 1827 2968 et
1858 2947 1953 2968 mun-

325 2999 405 3033 dam
420 3025 428 3032 .
445 3025 475 3034 ..
498 2998 533 3032 in
559 3010 599 3031 eo
626 2997 842 3032 remansisse
869 2999 905 3030 et
929 2997 980 3030 sic
1007 3007 1069 3040 per
1095 2995 1172 3028 eius
1191 2994 1440 3039 posteritatem
1460 3005 1571 3038 usque
1592 2994 1636 3027 ad
1656 2994 1805 3027 Mariam
1827 3005 1963 3038 puram»

325 3060 361 3092 et
393 3057 559 3091 mundam
593 3057 819 3090 descendisse
846 3056 1030 3100 ipsamque
1063 3054 1105 3087 de
1132 3066 1173 3088 ea
1200 3053 1380 3087 Christum
1407 3053 1653 3098 assumpsisse,
1694 3064 1783 3097 quae
1810 3053 1950 3097 quidem

325 3117 503 3151 sententia
530 3116 659 3150 erroris
686 3115 854 3161 probatur
881 3115 1056 3149 sustinere
1084 3114 1256 3147 iacturam
1298 3141 1326 3148 ..
