2106 3453
292 1036 325 1060 10

293 1419 324 1444 15

344 227 388 261 26
398 225 413 242 ’¹‘
937 223 1141 258 Sententiae
1169 223 1378 257 divinitat-is.

344 330 534 371 struitur.
598 328 688 370 Has
727 331 812 369 tres
854 328 1072 369 libertates
1106 326 1299 368 Christus
1333 327 1443 367 inter
1474 326 1584 366 tilios
1619 325 1742 367 Adae
1778 325 1819 365 in
1853 338 1977 377 prae-

344 405 454 446 senti
496 405 575 445 sibi
620 405 852 446 vindicavit
870 405 896 445 1.
961 403 1222 444 Libertatem
1267 416 1292 443 a
1338 405 1513 455 peccato
1560 402 1726 452 habuit,
1771 402 1975 454 quoniam

344 484 568 535 peccatum
603 494 690 521 non
723 481 875 522 habuit
911 494 987 521 uec
1026 473 1166 521 facere
1203 480 1344 532 potuit
1377 494 1445 519 nec
1477 481 1664 520 inventus
1696 483 1751 519 est
1782 479 1900 519 dotus
1933 479 1978 519 in

345 573 412 599 ore
444 560 529 599 eius
568 558 621 612 (I.
657 558 766 598 Petr.
803 557 946 610 222).
1010 557 1143 597 Porro
1190 560 1232 598 et
1270 570 1295 597 a
1340 545 1526 606 niiseria,
1573 569 1684 608 quae
1728 558 1793 596 est
1836 568 1978 607 poena

344 636 521 688 peccati,
557 635 708 676 habuit
740 634 1017 675 nihilominus
1050 634 1308 680 libertatem,
1342 634 1416 674 sed
1450 633 1658 685 potentia,
1693 645 1779 673 non
1807 634 1903 673 actu
1926 657 1970 660 —

344 726 471 754 nemo
520 712 680 765 quippe
722 712 901 752 tollebat
945 711 1136 752 animam
1182 711 1273 751 eius
1318 711 1372 751 ab
1420 724 1483 761 eo,
1530 710 1604 751 sed
1651 711 1741 762 ipse
1786 710 1977 761 ponebat

345 803 439 831 ean]
486 789 596 843 (dole.
634 790 701 840 10,
739 788 832 842 18);
897 788 1083 840 denique
1124 788 1383 839 Propheta
1429 789 1632 828 testatur:
1692 786 1862 828 Oblatas
1908 790 1975 836 est,

345 868 445 921 qum
487 867 574 920 ipse
617 866 743 906 voluit
776 865 856 918 (Js.
893 867 961 913 53,
989 866 1030 918 7)
1068 880 1139 913 —-—;
1175 865 1283 905 sicut
1325 867 1366 905 et
1399 877 1493 905 cuin
1528 864 1674 913 voluit,
1708 863 1860 905 habuit
1892 865 1978 903 tres

345 944 578 993 libertates,
612 943 797 995 primani
832 956 883 983 ex
915 943 1107 983 humana
1144 945 1312 991 natura,
1346 942 1533 994 reliquas
1567 955 1618 981 ex
1650 941 1793 981 divina
1827 943 1977 992 poten-

345 1021 418 1061 tia.
482 1020 676 1070 Quarum
710 1019 818 1059 duas
850 1018 1110 1071 posteriores
1143 1020 1289 1059 utrum
1321 1018 1485 1070 primus
1527 1018 1657 1058 honio
1700 1018 1741 1057 in
1774 1017 1976 1070 paradiso

345 1097 543 1138 habuerit
577 1096 642 1137 vel
675 1095 895 1148 quomodo
929 1095 993 1135 vel
1028 1096 1211 1148 qualiter
1243 1082 1456 1145 habuerit,
1490 1095 1723 1136 videndun]
1758 1097 1833 1135 est.

487 1173 570 1214 Sed
618 1172 735 1225 prius
780 1172 1078 1212 indubitanter
1122 1172 1344 1212 sciendum
1390 1173 1466 1222 est,
1514 1184 1686 1212 omnem
1734 1170 1975 1212 libertatem

343 1250 541 1302 perfectis
592 1250 729 1290 inesse
768 1249 997 1290 animabus
1049 1262 1177 1290 carne
1221 1249 1370 1290 solutis
1417 1251 1458 1290 et
1501 1248 1663 1300 angelis
1708 1246 1977 1300 supercaele-

343 1327 480 1368 stibus
512 1326 674 1379 pariter
706 1339 802 1366 cuin
838 1326 1021 1366 Domino
1056 1329 1096 1367 et
1128 1326 1234 1366 Filio
1268 1326 1358 1367 eius
1399 1328 1440 1367 et
1480 1325 1641 1378 Spiritu
1683 1328 1833 1365 sancto
1877 1338 1977 1366 con-

345 1404 646 1456 gaudentibus.
711 1403 821 1443 Nam
870 1403 1028 1444 sanctis
1070 1402 1313 1452 animabus,
1366 1403 1444 1443 etsi
1487 1402 1676 1442 nondum
1722 1405 1978 1454 receperunt

345 1494 540 1533 corpora,
587 1480 707 1521 deest
746 1480 919 1532 quidem
959 1480 1106 1531 gloria,
1153 1480 1231 1520 sed
1273 1480 1376 1520 nibil
1417 1479 1527 1521 inest
1566 1479 1618 1520 de
1661 1479 1845 1519 miseria.
1910 1479 1976 1519 Li-

345 1557 490 1597 bertas
523 1570 549 1598 a
576 1556 831 1597 necessitate
858 1569 995 1608 aeque
1023 1559 1065 1597 et
1091 1556 1382 1597 indifferenter
1408 1557 1497 1597 Deo
1524 1556 1837 1608 universaeque
1859 1569 1977 1598 crea-

345 1636 468 1675 turae
510 1634 709 1675 rationali
749 1636 838 1674 tam
885 1634 1026 1675 bonae
1071 1647 1200 1686 quam
1248 1633 1388 1675 malae
1433 1633 1632 1674 convenit
1677 1647 1754 1674 nec
1799 1636 1976 1685 peccato

345 1724 423 1753 nec
455 1711 627 1753 miseria
660 1711 872 1752 amittitur
905 1724 982 1752 nec
1016 1711 1221 1751 minuitur
1253 1723 1331 1752 nec
1364 1710 1502 1752 maior
1535 1713 1597 1752 est
1630 1711 1672 1751 in
1705 1705 1818 1752 iusto
1846 1691 1975 1763 quffffi

490 1855 504 1888 1
531 1859 611 1897 post
630 1854 817 1887 libertates
836 1855 919 1889 add.
937 1854 967 1886 B
987 1853 1094 1888 solus.
1237 1853 1254 1886 7
1284 1853 1436 1897 denique
1463 1865 1517 1887 om
1539 1856 1580 1887 B.
1716 1859 1797 1897 post
1823 1855 1979 1887 testatur

346 1916 427 1949 add.
457 1916 487 1947 B
513 1914 572 1958 qui
600 1914 660 1949 ait.
759 1913 779 1947 8
807 1913 911 1955 sicut]
940 1914 990 1947 sic
1015 1916 1056 1947 A.
1160 1913 1200 1947 16
1228 1913 1340 1955 deest]
1369 1913 1470 1947 adest
1493 1915 1535 1947 B.

491 2046 497 2062 ¹
526 2046 649 2081 Bern.
678 2046 714 2081 L.
743 2058 770 2081 e.
799 2057 875 2089 cap.
903 2046 964 2079 ΙΙΙ.
993 2057 1026 2079 n.
1052 2045 1085 2080 8.
1115 2048 1159 2089 (p.
1190 2045 1279 2079 1006
1296 2047 1327 2079 Α
1349 2046 1412 2085 B):
1455 2044 1558 2079 Solus
1586 2057 1737 2089 namque
1764 2044 1857 2079 inter
1884 2045 1975 2079 filios

345 2106 459 2139 Adam
495 2105 698 2139 libertatem
735 2105 803 2139 sibi
841 2104 1037 2138 vindicavit
1074 2116 1094 2138 a
1121 2106 1277 2148 peccato,
1314 2105 1373 2148 qui
1402 2106 1587 2149 peccatum
1614 2116 1683 2138 non
1709 2104 1805 2145 fecit,
1838 2116 1902 2138 nec
1930 2105 1978 2138 in—

345 2168 475 2199 ventus
509 2167 564 2199 est
599 2165 700 2199 dolus
735 2165 769 2198 in
805 2176 863 2198 ore
899 2164 975 2198 eius
1011 2164 1054 2207 (I.
1083 2165 1313 2207 Pet1·.2„22).
1364 2163 1473 2197 Porro
1501 2166 1536 2197 et
1562 2176 1582 2198 a
1608 2164 1763 2205 miseria,
1803 2176 1893 2208 quae
1923 2167 1978 2198 est

344 2236 458 2269 poena
495 2224 643 2268 peccati,
680 2223 804 2257 habuit
836 2223 1066 2257 nihilominus
1092 2223 1305 2262 libertatem,
1333 2222 1395 2256 sed
1423 2222 1592 2267 potentia,
1620 2235 1688 2257 non
1716 2225 1808 2257 actu.
1861 2223 1973 2257 Nemo

346 2284 476 2328 quippe
510 2284 660 2317 tollebat
695 2284 850 2317 animani
886 2283 962 2316 eius
997 2282 1039 2316 ab
1076 2294 1128 2323 eo,
1164 2282 1226 2316 sed
1261 2282 1337 2326 ipse
1373 2282 1527 2326 ponebat
1562 2294 1638 2316 eam
1676 2285 1795 2322 (Jocm.
1829 2287 1879 2325 10,
1908 2284 1975 2324 15).

346 2343 505 2387 Denique
531 2344 626 2376 teste
652 2342 839 2386 propheta:
872 2343 1017 2375 Oblatas
1044 2347 1103 2383 est,
1129 2344 1214 2384 qnia
1241 2344 1315 2384 ipse
1343 2343 1449 2375 voluit.
1474 2343 1541 2383 (Is.
1566 2345 1619 2385 53,
1636 2344 1696 2383 '7);
1723 2341 1816 2375 sicut
1843 2344 1976 2376 etcum

345 2403 459 2436 voluit
484 2404 590 2436 natus
617 2413 660 2434 ex
688 2401 846 2441 muliere,
874 2401 993 2434 factus
1019 2400 1084 2434 sub
1103 2400 1194 2443 lege,
1222 2402 1260 2433 ut
1287 2411 1347 2434 eos
1374 2400 1432 2444 qui
1459 2400 1524 2434 sub
1551 2400 1630 2443 lege
1657 2403 1760 2434 erant
1785 2401 1978 2435 redimeret

348 2463 443 2503 (Gal.
471 2462 617 2504 4,4,5).
693 2460 828 2494 Habuit
873 2460 993 2504 itaque
1037 2462 1133 2493 totas
1176 2461 1251 2493 tres
1294 2459 1492 2499 libertates,
1537 2455 1688 2503 primaru
1733 2472 1778 2494 ex
1821 2460 1977 2494 humana

345 2521 451 2555 simul
486 2523 522 2554 et
560 2520 680 2553 divina
715 2522 852 2557 natura,
892 2518 1049 2563 reliquas
1088 2531 1132 2552 ex
1166 2519 1287 2552 divina
1325 2519 1494 2562 potentia.
1547 2518 1703 2559 Quarum
1740 2519 1828 2553 duas
1862 2521 1976 2563 poste-

345 2581 457 2614 riores
500 2581 616 2613 ulrum
666 2581 701 2612 et
749 2579 883 2622 primus
931 2578 1033 2612 homo
1081 2579 1117 2612 in
1164 2578 1329 2622 paradiso
1380 2577 1554 2617 habuerit,
1612 2578 1670 2612 vel
1718 2579 1892 2622 quomodo
1941 2580 1977 2612 et

346 2641 522 2683 quatenus
575 2650 636 2672 eas
689 2638 862 2678 habuerit,
917 2640 1042 2682 postea
1089 2637 1289 2671 videbimus
1345 2636 1430 2681 Cap.
1464 2636 1512 2670 IV
1547 2649 1577 2672 n.
1615 2637 1645 2670 9.
1738 2637 1810 2671 Hoc
1856 2639 1976 2672 autem

346 2698 589 2731 indubitanter
626 2696 819 2736 sciendum,
858 2698 1046 2740 utramque
1083 2696 1223 2740 plenam
1263 2698 1372 2740 atque
1410 2696 1607 2740 perfectam
1646 2696 1815 2740 perfectis
1859 2697 1976 2731 inesse

346 2756 531 2791 animabus
575 2768 680 2790 carne
725 2755 861 2797 solutis,
901 2767 980 2789 oum
1029 2755 1100 2789 Deo
1145 2756 1279 2799 pariter
1317 2758 1353 2788 et
1391 2755 1532 2789 Christo
1577 2755 1654 2789 eius
1692 2758 1799 2800 atque
1838 2756 1976 2799 angelis

346 2816 679 2860 supercaelestibus.
743 2815 832 2849 Nam
868 2815 1005 2849 sanctis
1038 2815 1236 2855 animabus,
1276 2815 1343 2848 etsi
1381 2826 1445 2848 nec
1473 2814 1553 2848 dum
1581 2826 1728 2858 corpora
1753 2818 1973 2859 receperunt,

347 2876 447 2909 deest
473 2875 612 2919 quiden]
651 2875 693 2908 de
728 2874 857 2917 gloria;
896 2874 957 2908 sed
985 2874 1073 2908 nihil
1099 2885 1243 2918 prorsus
1271 2874 1365 2907 inest
1392 2873 1433 2906 de
1460 2873 1614 2907 miseria.
1667 2874 1799 2908 Verum
1827 2874 1975 2908 libertas

347 2946 366 2968 a
404 2934 620 2968 necessitate
659 2945 771 2977 aeque
810 2935 846 2967 et
884 2933 1126 2967 indifferenter
1161 2932 1245 2973 Deo,
1293 2933 1553 2976 universaeque
1590 2934 1663 2966 tani
1704 2934 1828 2974 malae,
1869 2945 1974 2978 quam

346 2993 458 3027 bonae
490 2992 654 3026 rationali
692 2993 860 3026 convenit
894 2994 1090 3027 creaturae.
1139 2992 1213 3026 Nec
1249 2994 1394 3036 pecca-to
1428 3004 1493 3026 nec
1528 2992 1672 3026 miseria
1707 2993 1884 3027 amittitur
1919 2994 1976 3027 vel

347 3052 533 3092 minuitur;
570 3064 634 3085 nec
669 3052 781 3085 maior
817 3052 851 3085 in
884 3052 977 3085 iusto
1005 3054 1068 3091 est,
1099 3063 1203 3095 quam
1232 3052 1266 3085 in
1293 3053 1489 3096 peccatore,
1526 3063 1590 3085 nee
1617 3051 1753 3096 plenior
1785 3052 1820 3085 in
1847 3052 1974 3095 angelo

347 3123 450 3155 quain
480 3111 512 3144 in
540 3110 693 3144 homine.
