2106 3453
361 250 428 284 164
438 248 455 268 Ψ·
958 248 1163 283 Sententiae
1189 249 1400 284 divinitatis.

502 354 541 394 2.
586 353 679 394 Hoc
720 354 863 394 autem
907 366 1066 394 nomen
1101 355 1312 406 ,persona‘
1353 352 1661 405 quadrifariam
1699 353 1849 405 recipit
1881 352 1987 393 divi-

360 430 538 472 sionem.
601 430 737 471 Aliter
770 431 880 472 enim
916 430 1119 482 recipitur
1150 430 1384 472 secundum
1414 430 1733 482 grammaticos,
1767 430 1890 470 aliter
1922 442 1987 470 se-

360 508 547 549 cundum
590 507 839 555 rhetoricos,
882 507 1005 548 aliter
1046 508 1282 548 secundum
1316 507 1530 560 physicos,
1573 507 1682 548 sicut
1726 507 1809 548 iam
1858 519 1986 559 expo-

359 585 488 625 situm
532 586 609 635 est,
653 584 777 626 aliter
818 585 1054 625 secundum
1098 584 1335 636 theologos,
1381 584 1540 626 scilicet
1578 584 1658 625 hoc
1690 584 1839 624 modo:
1886 584 1986 624 Per-

323 675 466 703 5sona
511 665 575 702 est
619 662 795 713 gignens
841 662 908 702 vel
953 663 1120 713 genitus
1165 662 1230 703 vel
1274 662 1513 714 procedens
1552 661 1606 702 ab
1639 663 1837 713 utroque.
1900 660 1987 701 Nec

360 742 423 780 est
468 739 681 791 culpanda
721 739 817 780 talis
863 738 1054 779 definitio
1095 752 1173 792 per
1211 738 1465 779 divisionem
1510 738 1636 788 facta,
1694 738 1899 790 quoniam
1947 740 1988 778 et

359 816 464 858 haec
521 816 616 857 talis
673 816 864 856 definitio
922 816 977 857 ab
1029 816 1314 858 Aristotele
1363 815 1594 868 reperitur,
1658 815 1776 856 verbi
1827 815 1985 865 gratia:

358 894 606 936 Enuntiatio
639 897 704 935 est
735 893 965 935 affirmatio
998 893 1176 935 alicuius
1209 894 1261 935 de
1294 893 1452 946 aliquo.

500 971 576 1012 Vel
607 983 838 1024 possumus
872 970 1025 1020 dicere,
1060 971 1175 1023 quod
1209 970 1428 1023 praedicta
1456 970 1647 1011 definitio
1687 983 1791 1011 sane
1818 968 1987 1010 admitti

307 1065 339 1090 10
359 1051 501 1101 potest
533 1048 589 1090 ad
622 1048 897 1099 theologiam,
934 1049 978 1089 ut
1011 1048 1224 1089 dicamus:
1271 1048 1463 1089 Persona
1509 1049 1572 1089 est
1613 1046 1834 1088 rationalis
1877 1046 1987 1087 indi-

358 1125 513 1167 viduae
553 1127 735 1167 naturae
777 1126 1031 1167 substantia.
1096 1126 1218 1176 Quae
1260 1126 1452 1167 definitio
1501 1126 1610 1166 bene
1651 1125 1851 1166 convenit
1891 1138 1987 1177 per-

358 1216 491 1244 sonae
523 1203 677 1245 Patris.
741 1203 851 1245 Nam
886 1216 1072 1255 persona
1104 1203 1244 1244 Patris
1279 1206 1343 1244 est
1374 1203 1597 1244 rationalis
1639 1201 1881 1243 substantia
1923 1202 1986 1242 in-

358 1280 560 1322 dividuae
602 1282 797 1330 naturae,
838 1280 879 1321 id
913 1283 977 1321 est
1018 1280 1118 1321 nulli
1154 1280 1287 1321 unita.
1351 1280 1436 1321 Sed
1469 1280 1609 1331 gravis
1643 1280 1822 1331 emergit
1851 1292 1986 1332 oppo-

358 1358 474 1399 sitio:
521 1357 566 1399 Si
587 1358 717 1398 Pater
737 1357 960 1399 rationalis
987 1358 1243 1408 substantia,
1279 1360 1321 1399 et
1346 1357 1477 1398 Filius
1510 1359 1552 1399 et
1577 1357 1762 1409 Spiritus
1788 1359 1984 1405 sanctus;

306 1451 337 1475 15
359 1448 458 1487 crgo
500 1437 602 1476 sunt
642 1437 729 1477 tres
770 1435 1003 1476 rationales
1048 1435 1328 1477 substantiae.
1409 1434 1493 1476 Sed
1538 1448 1624 1475 non
1669 1434 1875 1487 sequitur.
1939 1434 1985 1474 ln

358 1512 628 1554 naturalibus
661 1526 764 1554 vera
798 1515 909 1554 esset
932 1513 1028 1553 talis
1056 1512 1389 1565 argumentatio,
1418 1512 1493 1553 sed
1520 1512 1561 1552 in
1588 1511 1839 1564 theologicis
1866 1511 1984 1552 fallit.

358 1590 477 1632 Sicut
509 1590 623 1631 istud
656 1590 778 1632 fallit:
814 1590 857 1631 Si
890 1590 1070 1642 peperit,
1105 1603 1202 1631 cum
1236 1590 1326 1631 viro
1360 1590 1591 1631 concubuit
1610 1592 1635 1630 1.

502 1668 575 1708 Vel
608 1681 693 1708 non
726 1670 957 1720 propterea
989 1668 1195 1720 sequitur,
1238 1667 1354 1720 quod
1387 1667 1471 1709 sint
1503 1670 1589 1708 tres
1620 1666 1853 1709 rationales
1885 1667 1985 1708 sub-

358 1745 556 1796 stantiae,
591 1745 670 1786 nisi
704 1745 785 1787 hoc
811 1758 969 1787 nomen
1003 1745 1298 1787 substantia
1331 1745 1565 1798 accipiatur
1590 1758 1667 1798 pro
1696 1745 1984 1786 subsisten-

304 1840 338 1866 ‘20
358 1823 443 1865 tia,
506 1823 625 1864 Sicut
658 1823 777 1866 illud:
813 1823 1008 1864 Christus
1041 1826 1103 1865 est
1131 1824 1248 1875 gigas
1275 1824 1471 1875 geminae
1496 1823 1764 1865 substantiae
1782 1825 1809 1865 2.
1872 1822 1982 1865 Nam

357 1900 439 1941 hoc
465 1913 623 1941 nomen
652 1901 921 1950 ,substantia‘
950 1901 1081 1942 habet
1107 1915 1153 1943 se
1179 1901 1234 1943 ad
1262 1904 1507 1953 utrumque,
1540 1901 1698 1943 scilicet
1723 1901 1779 1943 ad
1806 1914 1984 1954 perso-

356 1991 468 2019 nam
516 1981 564 2019 et
607 1978 1023 2021 subsistentiam.
1098 1979 1171 2020 Est
1215 1979 1342 2030 igitur
1385 1992 1555 2020 sensus:
1601 1979 1708 2020 Tres
1752 1979 1984 2020 rationales

356 2055 703 2106 substantiae,
738 2056 780 2096 id
814 2059 878 2097 est
910 2057 1274 2108 subsistentes,
1317 2057 1359 2098 id
1400 2059 1464 2098 est
1495 2059 1581 2098 tres
1614 2070 1825 2109 personae
1859 2056 1983 2098 unius

356 2133 751 2183 subsistentiae,
785 2133 828 2174 id
861 2136 925 2174 est
957 2134 1083 2174 unius
1115 2134 1363 2176 divinitatis.

302 2226 335 2250 25
499 2210 574 2250 Vel
606 2210 746 2253 aliter:
782 2211 890 2252 Cum
924 2211 1095 2252 dicitur:
1136 2211 1265 2252 Pater
1306 2214 1370 2252 est
1413 2212 1557 2253 divina
1598 2213 1853 2263 substantia,
1897 2213 1982 2254 duo

356 2287 674 2340 praedicantur,
708 2288 867 2329 scilicet
905 2288 1048 2330 divina
1081 2289 1325 2330 substantia
1367 2292 1409 2330 et
1449 2289 1686 2342 personalis
1727 2290 1982 2342 proprietas.

497 2365 602 2406 Item
631 2377 728 2406 cum
756 2365 927 2407 dicitur:
963 2365 1092 2406 Filius
1122 2367 1186 2407 est
1211 2366 1356 2407 divina
1385 2367 1641 2417 substantia,
1665 2368 1816 2409 eadem
1838 2368 1982 2409 divina

356 2442 599 2484 substantia
632 2442 919 2494 praedicatur,
953 2444 995 2483 et
1027 2443 1086 2484 sic
1118 2442 1171 2484 de
1204 2443 1366 2485 ceteris.
1432 2444 1542 2496 Ergo
1575 2446 1676 2485 sunt
1718 2447 1805 2486 tres
1849 2445 1981 2486 ratio-

355 2519 519 2561 nabiles
564 2520 845 2561 substantiae.
922 2520 1017 2561 Non
1062 2521 1268 2573 sequitur.
1345 2521 1429 2562 Sed
1474 2524 1576 2562 sunt
1620 2525 1705 2563 tres
1755 2535 1979 2574 personae,

301 2613 336 2638 30
356 2596 457 2648 quia
500 2596 723 2649 pluralitas
767 2598 849 2639 ista
881 2610 968 2638 non
1000 2597 1136 2649 gratia
1166 2598 1451 2650 substantiae,
1495 2599 1569 2640 sed
1602 2600 1740 2651 gratia
1772 2613 1980 2653 persona-

353 2673 457 2714 lium
488 2674 803 2727 proprietatum
834 2675 1115 2717 interseritur.

496 2820 516 2854 3
554 2820 714 2855 rhetores
751 2824 792 2858 B.
980 2822 1025 2856 20
1062 2822 1148 2856 illud
1186 2834 1249 2856 om.
1284 2825 1326 2857 A.
1489 2824 1534 2858 26
1572 2825 1714 2869 ponitur
1763 2824 1901 2859 scilicet
1936 2828 1977 2861 R.

353 2879 555 2914 substantia
580 2881 807 2925 praedicatur
827 2883 863 2914 et
881 2881 934 2915 sic
954 2881 996 2915 de
1017 2882 1157 2916 ceteris.
1196 2881 1290 2925 Ergo
1311 2885 1395 2917 sunt
1417 2910 1422 2917 .
1447 2910 1454 2918 .
1475 2910 1481 2917 .
1505 2885 1545 2917 B.
1643 2884 1688 2917 29
1714 2883 1791 2917 Non
1818 2884 1979 2928 sequitur

353 2950 417 2973 om.
444 2939 487 2973 Β.

496 3063 507 3080 ¹
534 3064 578 3098 cf.
605 3063 765 3106 Boeth„
792 3067 838 3099 In
868 3067 998 3109 Topica
1028 3067 1207 3100 Ciceronis
1233 3066 1271 3101 O.
1298 3067 1359 3102 IV.
1389 3067 1469 3109 (PL.
1497 3069 1551 3109 64,
1581 3068 1695 3110 1128).

494 3121 507 3139 '²
534 3122 579 3156 cf.
608 3134 715 3168 supra
740 3135 773 3168 p.
801 3124 871 3158 52*
889 3123 915 3168 ¹;
943 3123 1012 3158 69*
1039 3136 1073 3159 v.
1100 3125 1130 3159 9.
