2106 3453
342 217 432 253 142*
511 257 514 260 ⁴
932 218 1138 255 Sententiae
1166 220 1377 258 divinit-atis.

339 324 441 365 alia:
487 326 607 365 Auro
641 324 749 365 locus
783 329 839 365 est
872 327 979 366 etos
1016 326 1089 366 1113
1133 326 1236 367 alia:
1290 326 1520 368 Oblationes
1562 331 1717 369 ‘vestrae
1758 327 1967 370 abomina-

340 401 479 450 tiones7
512 401 670 442 scilicet
702 401 907 442 subaudi:
955 402 1028 442 eis.
1092 402 1223 442 Panis
1255 406 1381 443 vester
1413 404 1543 443 luctus
1584 409 1652 452 est,
1694 405 1967 446 subauditur:

340 476 400 516 eis
433 479 474 517 et
507 477 557 526 ei,
601 477 672 529 qui
707 477 941 518 comederit
974 491 1047 518 eos
1080 478 1303 519 imitando.
1355 479 1478 520 Hanc
1511 481 1767 521 sententian]
1804 481 1970 521 videtur

339 552 656 603 Augustinus
697 553 804 594 velle
846 553 1041 594 dicens1:
1091 554 1216 604 ,Infra
1260 555 1514 597 catholicam
1550 556 1771 597 ecclesiam
1813 557 1970 598 consti-

304 629 441 669 5tutis
483 629 524 669 in
567 629 774 670 sacrificio
817 630 919 670 nihil
962 644 987 671 a
1030 631 1145 670 bono
1185 633 1188 681 Ι
1228 631 1391 677 melius,
1437 632 1539 671 nihil
1585 645 1610 672 a
1655 632 1769 673 malo
1816 633 1968 681 minus,

339 705 440 763 quia
473 718 558 745 non
594 708 657 746 est
690 706 730 745 in
770 706 946 747 arbitrio
986 707 1290 757 consecrantis,
1333 708 1407 747 sed
1452 707 1492 747 in
1529 708 1657 748 verbo
1691 708 1895 748 creatoris
1929 710 1970 749 et

341 781 380 820 in
414 782 571 822 virtute
605 781 789 833 Spiritus
822 782 988 823 sancti‘.

932 907 996 945 IV.
1033 907 1088 945 De
1116 908 1377 956 paenitentia.

479 994 717 1046 Postquam
753 995 1032 1035 tractavimus
1073 995 1125 1036 de
1165 998 1439 1036 sacramento
1478 995 1625 1037 altaris
1667 999 1708 1037 et
1753 996 1968 1048 baptismi,

286 1085 318 1108 10
339 1071 533 1123 sequitur
566 1071 870 1112 convenienter
901 1071 1134 1112 videndum
1169 1072 1228 1112 de
1259 1071 1620 1123 paenitentia2.
1676 1072 1749 1113 Est
1771 1072 1883 1113 enim
1905 1086 1970 1113 se-

339 1148 479 1189 cunda
515 1147 661 1188 tabula
694 1149 791 1198 post
825 1147 1096 1198 naufragium
1115 1149 1143 1197 3,
1172 1161 1403 1199 parasceve
1431 1150 1531 1188 ante
1559 1148 1732 1200 pascha.
1797 1147 1840 1188 Si
1869 1161 1970 1189 con-

338 1224 462 1275 tingit
501 1223 687 1275 aliquem
727 1223 914 1275 peccatis
953 1223 1166 1275 inquinari
1214 1226 1308 1275 post
1354 1224 1616 1276 baptismum
1661 1224 1820 1265 amissa
1855 1227 1970 1264 veste

339 1299 626 1349 innocentiae,
661 1299 897 1339 adhaereat
930 1299 1026 1340 huic
1060 1299 1234 1340 tabulae
1262 1302 1302 1341 et
1329 1300 1456 1340 ducet
1484 1313 1580 1341 eum
1609 1313 1685 1352 per
1713 1313 1830 1341 mare
1858 1300 1968 1341 istud

338 1375 553 1416 undosum
588 1376 643 1416 ad
671 1375 769 1416 litus
796 1378 997 1416 aeternae
1025 1375 1205 1427 patriae.
1269 1376 1385 1417 Haec
1423 1379 1486 1417 est
1514 1377 1643 1417 ianua
1678 1376 1970 1417 conversionis

285 1469 317 1493 15
338 1452 393 1492 ad
426 1452 577 1492 Deum.
641 1451 737 1491 Non
771 1465 1001 1503 possumus
1039 1452 1094 1493 ad
1137 1453 1276 1504 ipsum
1320 1453 1510 1493 converti
1553 1453 1643 1493 sine
1685 1452 1968 1504 paenitentia:

339 1528 405 1568 Ab
438 1527 519 1568 hac
552 1527 701 1579 incipit
732 1540 889 1578 praeco
924 1527 1055 1568 nostri
1091 1528 1339 1569 salvatoris:
1388 1529 1509 1582 Ayite
1542 1529 1853 1582 pamesesstentimn,
1894 1543 1971 1582 ap-

339 1603 632 1657 prope'rnqimvit
677 1616 847 1656 vregstrmn
893 1603 1094 1643 caelorum
1143 1604 1308 1657 (Mc-sule..
1342 1606 1382 1655 3,
1405 1603 1448 1655 2)
1513 1604 1580 1644 Ab
1626 1605 1777 1646 eadem
1824 1605 1971 1658 incipit

340 1679 430 1731 ipse
452 1679 674 1719 Salvator:
710 1678 851 1718 Facite
878 1678 1023 1732 (liquos
1047 1679 1212 1731 fructus·
1228 1680 1505 1732 paenitentiae
1527 1680 1644 1733 (Luc.
1668 1682 1706 1733 3,
1724 1681 1781 1734 8).
1816 1681 1970 1733 Surget

338 1768 389 1795 ex
422 1755 664 1796 humilitate
698 1754 961 1807 paenitentia
996 1755 1088 1796 ista.
1153 1755 1242 1796 Nisi
1284 1756 1517 1807 praecedat
1559 1756 1790 1807 humilitas,
1835 1758 1970 1798 ineffi—

284 1844 416 1872 eocax
460 1833 522 1871 est
564 1831 844 1882 paenitentia.
908 1830 1026 1872 Sicut
1070 1831 1336 1883 paenitentia
1376 1831 1526 1882 Judae‚
1572 1846 1684 1885 quae
1724 1847 1774 1874 ex
1820 1837 1969 1874 contu-

338 1907 477 1948 macia
512 1910 553 1947 et
585 1907 899 1959 desperatione,
937 1910 978 1948 et
1005 1907 1100 1948 ideo
1127 1908 1281 1960 laqueo
1311 1921 1356 1948 se
1383 1909 1606 1961 suspendit
1635 1909 1801 1962 (Mattli.
1824 1911 1892 1962 27,
1911 1910 1968 1962 5).

338 1985 539 2026 Nascitur
567 1999 617 2026 ex
650 1986 820 2026 duobus
846 1985 1067 2026 humilitas
1102 1999 1227 2027 verae
1260 1985 1564 2038 paenitentiae,
1592 1999 1643 2026 ex
1671 1986 1970 2028 recordatione

337 2061 671 2114 praeteritorum
708 2062 920 2103 malorum
955 2064 996 2102 et
1028 2062 1182 2102 timore
1225 2075 1478 2114 poenarum,
1522 2076 1632 2114 quae
1675 2065 1774 2103 sunt
1815 2062 1855 2102 in
1899 2074 1969 2113 ge-

338 2138 498 2186 henna;
533 2138 762 2178 attendens
789 2138 920 2179 homo
949 2138 1249 2179 enormitatem
1278 2139 1491 2187 vitiorum,
1520 2138 1837 2179 multitudinem
1871 2151 1969 2190 pec-

284 2231 317 2255 25
339 2216 533 2255 catorum
581 2216 621 2254 et
667 2214 768 2266 quia
814 2214 1016 2255 horribile
1062 2217 1123 2255 est
1171 2215 1210 2254 in
1258 2227 1411 2255 manus
1446 2214 1519 2255 Dei
1559 2214 1740 2255 viventis
1785 2214 1970 2255 incidere

338 2289 482 2343 (Hebr.
520 2289 689 2343 10331),
750 2291 984 2331 innascitur
1034 2290 1157 2331 dolor
1201 2292 1243 2330 et
1288 2290 1562 2342 compunctio
1607 2303 1685 2342 pro
1732 2289 1969 2330 commissis

336 2366 538 2417 peccatis.

478 2442 620 2483 Nunc
658 2442 938 2482 videndum
982 2444 1075 2491 est,
1119 2442 1238 2494 quid
1282 2442 1347 2482 sit
1387 2441 1751 2494 paenitentia&
1815 2441 1969 2482 Paeni-

336 2518 470 2559 tentia
505 2521 580 2568 est,
614 2521 661 2558 ut
693 2518 753 2559 ait
787 2519 1129 2568 Augustinus,
1169 2518 1401 2569 praeteriia
1446 2518 1559 2558 mala
1601 2518 1702 2558 flere
1744 2520 1785 2557 et
1827 2517 1968 2557 flenda

284 2610 316 2634 30
336 2608 422 2634 non
455 2593 724 2635 committere
742 2595 769 2636 5.
834 2594 930 2644 ,Qui
965 2594 1077 2645 enim
1120 2594 1178 2634 sic
1220 2607 1298 2634 sua
1330 2596 1507 2645 peccata
1551 2593 1759 2646 deplorat,
1806 2595 1853 2633 ut
1886 2593 1967 2633 alia

479 2719 499 2752 2
527 2719 666 2753 scilicet
687 2703 749 2753 oni.
773 2722 813 2754 Β.
914 2718 1064 2752 subaudi
1090 2719 1129 2751 li.
1231 2718 1273 2752 10
1294 2717 1484 2751 videndum
1507 2730 1571 2752 om.
1594 2718 1633 2751 B.
1735 2717 1871 2751 11—12
1891 2729 1969 2751 con-

335 2780 454 2822 tingat
479 2778 517 2813 IJ'.
619 2780 660 2813 14
682 2785 762 2822 post
788 2779 895 2812 ianua
921 2780 1002 2814 add,
1028 2777 1059 2809 l}
1084 2779 1261 2811 aeternae.

480 2882 489 2899 ¹
519 2894 547 2916 c.
576 2883 631 2915 77.
659 2881 696 2915 C.
727 2882 756 2916 1.
785 2893 841 2925 qn.
874 2882 900 2914 1.

480 2940 492 2957 ²
518 2943 579 2975 SS.
607 2941 667 2981 VI,
692 2941 733 2974 10
758 2941 843 2982 (146
859 2939 913 2980 C);
943 2939 1080 2972 Lonib.
1109 2941 1201 2973 Semi.
1229 2939 1250 2972 l.
1278 2938 1340 2973 IV.
1368 2938 1398 2972 d.
1431 2939 1483 2973 14.
1511 2950 1539 2972 c.
1571 2940 1598 2979 1,
1627 2938 1660 2971 2.

480 2999 492 3017 ³
518 3000 689 3033 Hieron.
718 2999 830 3043 Epist.
860 2999 937 3033 130.
965 2999 1009 3032 ad
1034 2998 1190 3032 Demetr.
1217 3010 1250 3031 n.
1278 2998 1309 3032 9.

478 3059 492 3076 ⁴
518 3060 581 3092 ΕΞ.
609 3058 668 3097 VI,
693 3059 734 3092 12
762 3058 842 3100 (149
860 3058 915 3098 Β);
945 3057 1082 3091 Lomb.
1112 3057 1148 3091 L.
1170 3069 1198 3091 c.
1220 3057 1327 3100 Mag.
1350 3056 1591 3097 Rolandus,
1619 3067 1652 3100 p.
1674 3057 1753 3090 237.

479 3116 492 3134 ⁵
519 3129 547 3151 c.
579 3118 606 3151 1.
635 3117 666 3151 d.
694 3117 725 3150 3.
754 3117 795 3150 de
822 3117 953 3161 paenit.

1991 647 2010 672 f.
2033 648 2091 672 103.
