2106 3453
595 210 786 244 Tractatus
812 211 837 245 Ι.
889 209 940 243 De
966 209 1146 244 creatione
1171 210 1304 245 mundi.
1700 211 1768 245 17*

137 312 299 363 stellae,
334 326 442 366 quas
476 326 626 354 omnes
659 326 889 366 corporeas
923 327 1015 354 esse
1047 316 1265 366 putamus.
1330 314 1530 355 Ceterum
1564 315 1673 356 aliae
1706 315 1769 355 in—

137 390 247 430 fixae
280 392 380 430 sunt
406 390 640 431 secundum
671 390 777 440 illos,
811 390 883 443 qui
911 390 1233 431 firmamentum
1267 391 1424 431 mobile
1461 390 1625 440 dicunt3
1661 392 1770 433 aliae

139 469 303 518 septem
338 466 535 519 proprias
567 467 731 508 habent
763 467 887 507 sedes
920 467 999 508 sub
1032 467 1321 517 firmamento,
1359 480 1542 519 quarum
1578 468 1768 508 omnium

137 543 200 583 sol
234 543 485 584 moderatur
517 556 704 592 cursum,
740 545 781 584 et
812 543 915 585 luna
948 544 1003 585 ab
1036 544 1130 595 ipso
1163 543 1439 596 splendorem
1472 544 1617 585 habet.

279 619 472 669 Quinta
515 619 626 659 die1
671 619 841 660 ornavit
890 619 1003 660 Deus
1046 624 1190 660 aerem
1235 621 1276 660 et
1317 632 1492 672 aquam,
1537 620 1638 672 quia
1677 620 1773 660 fecit
1811 638 1826 661 5

138 695 190 735 de
224 695 348 747 aquis
381 694 466 735 duo
501 707 656 746 genera
691 694 956 745 animalium,
992 695 1164 736 volatile
1197 697 1239 735 et
1271 695 1482 747 aquatile3
1519 695 1691 736 volatile
1718 696 1772 736 ad

138 773 440 812 ornamentum
475 771 599 821 aeris,
643 770 832 823 aquatile
865 772 920 811 ad
953 773 1256 812 ornamentum
1291 784 1445 823 aquae.
1509 771 1595 812 Sed
1640 784 1774 823 quae-

137 847 256 897 ritur,
301 860 376 887 cur
409 847 462 888 de
494 852 594 888 a'ere
639 860 724 888 non
764 847 922 897 fecerit,
966 860 1062 888 cum
1106 847 1300 888 similiter
1341 847 1396 889 ad
1439 847 1529 889 eius
1572 850 1771 888 ornatum

138 923 354 975 pertineat
371 925 397 964 2.
463 922 661 963 Nescitur
693 922 748 964 ad
776 923 1013 973 historiam,
1047 923 1127 963 nisi
1154 926 1402 964 recurratur
1427 924 1482 964 ad
1511 923 1772 975 allegoriam.

138 999 257 1040 Sicut
291 999 437 1039 omnia
471 997 568 1040 fecit
600 999 714 1039 Deus
748 999 789 1039 in
824 999 1027 1051 mysterio
1062 1001 1103 1040 et
1142 999 1466 1051 significatione,
1511 1000 1569 1041 ita
1611 1002 1654 1040 et
1695 1000 1777 1040 hoc
1799 1016 1831 1041 10

139 1075 427 1126 intelligamus
460 1074 514 1116 de
553 1075 690 1127 aquis,
730 1074 770 1114 id
806 1078 884 1125 est,
929 1075 982 1116 de
1013 1075 1132 1115 fluxu
1166 1075 1442 1116 mortalitatis
1484 1075 1662 1116 humani
1704 1089 1776 1127 ge·-

139 1151 265 1201 neris‚
301 1154 339 1193 et
375 1151 482 1191 sicut
515 1153 616 1191 sunt
649 1150 734 1191 duo
768 1163 925 1201 genera
969 1151 1234 1200 animalium,
1280 1151 1338 1191 ita
1381 1151 1466 1191 duo
1505 1164 1664 1202 genera
1700 1151 1777 1192 ho-

141 1227 318 1276 minum,
364 1227 648 1279 reproborum
694 1239 865 1279 semper
907 1226 947 1266 in
988 1227 1112 1279 aquis
1152 1227 1435 1276 manentium,
1481 1229 1522 1267 et
1565 1227 1777 1268 bonorum

141 1303 194 1344 de
226 1303 350 1355 aquis
383 1303 438 1345 ad
472 1303 637 1344 caelum
672 1302 908 1343 volantium
930 1304 956 1343 3.

282 1380 439 1421 Sexta
482 1379 591 1420 die4
635 1379 806 1420 ornavit
847 1381 1006 1421 terram
1036 1378 1215 1420 diversis
1248 1379 1477 1430 generibus
1512 1379 1778 1429 animalium,
1802 1400 1833 1423 15

141 1459 182 1498 et
214 1456 387 1497 vestivit
420 1469 516 1497 eam
550 1455 659 1496 rosis
692 1469 741 1497 ac
774 1455 965 1497 floribus

284 1534 389 1574 Item
429 1533 547 1585 quod
586 1532 688 1573 dicit
720 1532 1091 1584 Augustinus's’:
1128 1532 1285 1573 Omnia
1318 1532 1416 1573 fecit
1449 1533 1563 1573 Deus
1597 1532 1638 1572 in
1671 1545 1780 1584 pon-

141 1611 242 1652 dere
264 1612 304 1652 et
326 1623 528 1651 mensura
550 1611 591 1650 et
607 1622 787 1650 numero
802 1608 921 1662 (Sap.
944 1608 1108 1662 ILQI),
1131 1622 1216 1650 non
1232 1609 1667 1661 praetermittendum
1688 1622 1781 1650 esse

40 1705 60 1730 f.
80 1705 121 1729 Βῆ.
143 1687 325 1738 Videtur,
347 1686 552 1739 quoniam
576 1686 631 1726 ad
648 1698 712 1735 ea,
730 1698 842 1738 quae
862 1685 1047 1726 diximus
1069 1685 1259 1727 alludere
1281 1685 1506 1727 iudicatur.
1539 1685 1542 1738 l
1573 1685 1782 1727 Creavit

141 1763 310 1804 omnia
353 1763 399 1803 in
432 1762 663 1815 pondere
705 1764 810 1813 etc,
854 1762 895 1802 id
930 1764 1017 1804 est:
1066 1762 1114 1802 In
1151 1775 1195 1802 se
1228 1763 1336 1813 ipso,
1371 1762 1443 1814 qui
1477 1764 1540 1802 est
1573 1775 1780 1802 numerus
1802 1778 1835 1802 ευ

140 1841 230 1881 sine
263 1853 459 1890 numero,
494 1852 699 1880 mensura
732 1838 823 1880 sine
857 1851 1073 1888 mensura,
1108 1839 1279 1890 pondus
1313 1839 1404 1879 sine
1436 1838 1642 1891 pondere.
1708 1838 1781 1879 Vel

140 1917 264 1958 aliter
297 1916 543 1969 exponitur:
580 1915 752 1957 Creavit
779 1915 893 1956 Deus
921 1915 1067 1956 omnia
1095 1915 1136 1955 in
1165 1927 1359 1964 numero,
1394 1914 1435 1954 id
1464 1917 1541 1964 est,
1577 1928 1783 1955 numerus

141 1993 280 2034 omnis
321 1992 438 2045 apud
485 2005 581 2032 eum
626 1993 784 2040 certus;
830 1991 1024 2032 similiter
1063 1991 1254 2031 omnium
1301 2004 1502 2032 mensura
1545 1993 1662 2032 certa
1704 1993 1782 2041 est,

141 2074 183 2112 et
216 2070 418 2123 quicquid
453 2069 657 2122 ponderis
690 2068 821 2109 habet
855 2068 1031 2121 aliquid,
1075 2068 1189 2120 apud
1232 2081 1330 2109 eum
1373 2070 1438 2108 est
1480 2068 1783 2109 certissimum.

144 2148 217 2189 Vel
252 2147 394 2188 aliter:
441 2146 517 2187 His
550 2145 700 2196 tribus,
743 2159 938 2195 numero,
973 2158 1191 2195 mensura,
1230 2145 1436 2197 pondere,
1471 2145 1606 2185 voluit
1639 2147 1784 2185 osten·
1805 2163 1838 2187 25

142 2225 243 2266 dere
276 2225 488 2277 scriptura
521 2223 579 2264 nil
612 2223 701 2264 Deo
736 2235 829 2263 esse
862 2223 1058 2275 aequale.
1123 2222 1339 2262 Numerus
1380 2221 1493 2262 enim
1535 2221 1785 2274 simplicita-

141 2305 243 2353 tem,
284 2314 487 2343 mensura
521 2300 871 2350 immensitatem,
915 2299 1088 2352 pondus
1130 2299 1374 2340 felicitatem
1422 2301 1463 2339 et
1503 2299 1784 2341 stabilitatem

144 2380 341 2421 excludit.
406 2378 579 2420 Creavit
612 2377 759 2419 omnia
792 2377 833 2417 in
867 2390 1064 2427 numero,
1098 2377 1140 2417 id
1175 2379 1238 2418 est
1267 2376 1370 2417 nihil
1397 2376 1560 2417 creavit
1587 2390 1785 2417 summae

288 2494 376 2528 1-—2
403 2492 474 2527 alia
500 2493 612 2526 infixa
645 2495 676 2526 A
694 2494 736 2526 Β.
857 2491 878 2525 3
905 2502 1054 2535 quorum
1090 2494 1116 2524 Α
1140 2491 1179 2526 Β.
1298 2491 1317 2524 5
1352 2490 1506 2532 ornavit]
1540 2490 1721 2525 ordinavit
1743 2494 1784 2527 Α.

145 2555 164 2588 6
186 2560 269 2598 post
300 2553 458 2598 aquatile
494 2554 577 2586 add.
607 2554 634 2586 Α
664 2554 702 2585 in
742 2563 853 2594 mccrq.
891 2551 934 2584 ad
971 2552 1219 2584 ornamentum
1255 2561 1380 2594 aquae.
1529 2551 1547 2583 7
1575 2550 1657 2593 Sed]
1685 2551 1713 2584 si
1743 2553 1785 2587 B.

148 2613 188 2646 13
227 2612 449 2646 manantium
477 2614 521 2646 A.
667 2613 709 2646 15
737 2611 917 2645 ordinavit
936 2612 979 2643 A.
1105 2610 1145 2643 19
1173 2609 1398 2644 diiudicatur.
1521 2609 1566 2643 20
1592 2609 1625 2643 id
1655 2610 1722 2651 est]
1751 2611 1787 2643 in

145 2683 291 2706 numero
313 2674 355 2708 A.
454 2671 499 2705 23
520 2677 603 2715 post
629 2673 750 2705 certus
776 2673 813 2704 in
841 2671 873 2703 B
900 2682 921 2703 α
947 2681 1058 2703 manu
1086 2671 1277 2703 recentiore
1303 2670 1386 2702 add.
1414 2670 1451 2702 et
1477 2668 1665 2702 diffinitus.

289 2775 300 2792 ¹
326 2775 370 2809 cf.
399 2775 513 2809 Pet-r.
541 2774 682 2809 Lomb.
710 2776 802 2808 Sem.
830 2773 852 2807 l.
880 2772 923 2806 11.
952 2772 983 2806 d.
1014 2772 1068 2806 15.
1097 2783 1125 2805 c.
1157 2772 1185 2805 1.

289 2834 301 2852 ‘³
327 2834 466 2878 Hugo,
512 2837 564 2868 De
605 2846 698 2868 saer.
737 2833 758 2867 l.
792 2833 818 2867 Ι.
851 2844 883 2877 p.
920 2832 947 2865 Ι.
986 2843 1015 2867 e.
1042 2832 1098 2865 26.
1139 2830 1219 2875 (PL.
1251 2831 1327 2871 176,
1356 2831 1423 2864 203
1452 2831 1548 2870 BC);
1606 2833 1656 2863 De
1694 2842 1786 2864 sacr.

148 2898 233 2938 leffl's
259 2900 331 2928 nat.
358 2900 389 2928 et.
414 2896 569 2937 scriptae
596 2893 676 2936 (PL.
708 2893 784 2933 176,
812 2892 856 2926 20
881 2893 936 2933 C).

289 2953 302 2971 ³
328 2954 468 2997 Hugo,
499 2955 549 2988 De
574 2965 667 2987 sacr.
695 2952 733 2987 L.
760 2963 789 2988 o,
816 2963 849 2996 p.
877 2951 946 2985 203
974 2953 1018 2986 D.

288 3013 301 3030 ⁴
327 3013 442 3047 Petr.
470 3013 606 3047 Lomb.
634 3014 729 3048 Sent.
756 3012 778 3048 1.
805 3012 849 3045 H.
878 3011 908 3046 d.
940 3012 991 3045 15.
1020 3022 1049 3046 ο.
1077 3010 1097 3043 2
1125 3021 1201 3054 sqq.

290 3071 303 3090 ⁵
330 3073 433 3116 Aug.
461 3074 513 3106 De
542 3075 669 3106 Genesi
695 3074 743 3105 ad
770 3073 836 3105 litt.
862 3071 884 3105 l.
912 3070 973 3106 IV.
1001 3082 1030 3104 c.
1058 3070 1089 3104 3.
1116 3082 1149 3106 n.
1177 3069 1209 3103 8.
1238 3069 1322 3110 (PL.
1350 3069 1405 3110 34,
1428 3069 1522 3109 299).

220 3155 392 3188 beitrage
414 3155 472 3185 VII,
493 3155 570 3180 2—3.
609 3156 739 3187 Geyer,
761 3155 838 3179 Sent.
861 3153 973 3179 divinit.
1620 3140 1646 3182 b
