2106 3453
260 1079 293 1105 10

263 1464 296 1490 15

263 1843 299 1869 20

307 280 352 315 86
363 280 379 297 *
902 281 1108 315 Sententiae
1134 281 1346 315 divinitatis.

307 385 508 425 hominem
553 383 665 439 (Jon.
692 386 727 436 1,
749 384 807 438 9),
843 387 884 426 et
916 384 1019 425 illud
1053 384 1309 437 Apostoli.
1369 385 1662 426 -Omnicimilii
1694 387 1825 438 licent,
1870 386 1939 426 sed

308 474 391 501 non
423 461 562 501 omnia
593 460 815 514 eoepedinnt
842 460 896 514 (I.
925 461 1018 502 Gor.
1043 461 1080 513 6,
1106 459 1191 513 12).
1256 460 1356 502 Illae
1392 460 1502 502 aliae
1540 462 1840 504 auctoritates:
1886 462 1941 502 In

309 550 386 591 qno
432 537 615 577 thesauri
660 538 754 588 etc.‚
789 538 852 578 et:
903 536 1209 577 Plenitndinem
1242 537 1424 577 omnium
1456 537 1658 577 donorum
1689 537 1845 590 habuit,
1879 542 1941 578 et:

312 611 411 653 Sine
443 625 637 653 mensura
668 613 820 665 accepit
845 613 1053 665 spiritum,
1088 612 1130 652 in
1158 612 1481 665 comparatione
1507 613 1702 665 proiatae
1729 613 1942 655 dicantur.

313 688 405 730 Vel:
448 688 763 730 plenitudinem
806 689 958 730 habuit
990 688 1183 729 omnium
1217 688 1446 739 donorum,
1481 689 1522 730 id
1557 691 1638 730 est:
1673 689 1775 730 nihil
1809 689 1943 730 defuit

311 764 349 806 ei
381 764 436 805 ad
469 764 787 816 perfectionem.

455 840 498 881 Si
522 843 668 881 autem
697 842 846 882 contra
868 840 963 889 hoc,
997 841 1114 892 quod
1136 840 1283 881 dicunt
1310 840 1499 881 animam
1527 841 1698 891 Christi,
1733 841 1944 882 minorem

311 916 472 957 habere
504 915 762 968 sapientiam
795 918 837 956 et
871 916 1004 957 Deum
1039 916 1261 966 maiorem,
1295 918 1489 969 opponat
1521 917 1615 969 quis
1649 917 1808 966 dicens,
1848 929 1945 969 per-

312 1005 464 1033 sonam
510 991 668 1033 Christi
712 991 873 1033 habere
917 992 1026 1033 duas
1070 991 1286 1042 scientias,
1333 992 1493 1042 dicunt,
1536 992 1652 1045 quod
1686 1005 1771 1033 non
1805 992 1945 1033 solum

313 1067 433 1117 duas,
468 1067 541 1108 sed
575 1067 704 1108 etiam
738 1067 882 1120 plures
910 1070 950 1108 et
973 1080 1143 1108 omnem
1180 1067 1416 1117 scientiam,
1450 1069 1638 1109 testante
1672 1067 1946 1121 Apostolo:

314 1144 367 1184 In
416 1157 458 1183 eo
518 1147 615 1183 sunt
676 1157 811 1184 omnes
873 1143 1056 1184 thesauri
1115 1144 1342 1197 sapientiae
1397 1148 1431 1184 et
1480 1145 1669 1184 scientiae
1725 1143 1949 1185 absconditi

312 1218 565 1272 (onas).
629 1219 698 1260 Sic
741 1232 840 1271 ergo
880 1221 1092 1269 asserunt⁷
1136 1219 1252 1272 quod
1292 1219 1401 1260 sicut
1439 1219 1568 1261 Filius
1606 1220 1798 1272 aequalis
1831 1219 1949 1260 Patri

314 1295 550 1336 secundum
596 1294 787 1336 divinam
838 1298 1054 1345 naturam,
1111 1295 1171 1336 ita
1220 1295 1456 1336 secundum
1510 1296 1691 1337 eandem
1743 1297 1945 1337 naturam

315 1371 465 1414 eadem
507 1371 637 1412 habet
679 1384 963 1424 quaecunque
1009 1372 1139 1413 habet
1173 1372 1302 1413 Pater
1344 1375 1385 1413 et
1418 1371 1593 1413 omnino
1629 1372 1780 1413 eodem
1815 1372 1946 1413 modo

316 1448 424 1488 sicut
465 1448 606 1489 Pater.
670 1447 791 1488 Sicut
828 1450 975 1489 autem
1000 1447 1250 1492 secundum
1284 1447 1502 1490 hominem
1536 1448 1677 1489 minor
1710 1451 1773 1489 est
1805 1447 1947 1499 Patre,

316 1524 375 1565 ita
407 1524 644 1565 secundum
686 1523 903 1565 hominem
940 1524 1149 1565 minorem
1191 1524 1321 1566 habet
1354 1525 1625 1577 sapientiam,
1671 1525 1779 1566 sicut
1811 1524 1950 1565 mino-

316 1614 406 1642 rem
440 1600 692 1653 potentiam.
757 1599 868 1641 Nam
895 1600 1131 1641 secundum
1160 1601 1276 1653 quod
1303 1600 1433 1642 homo
1462 1604 1539 1649 est,
1574 1615 1660 1642 non
1689 1604 1753 1642 est
1779 1604 1949 1643 creator

317 1690 396 1718 nec
428 1677 715 1728 omnipotens.
779 1676 891 1717 Nam
918 1689 1015 1717 cum
1043 1676 1237 1718 Christus
1264 1677 1498 1718 secundum
1529 1677 1718 1718 divinam
1748 1679 1948 1719 naturam

319 1754 372 1793 sit
415 1755 595 1802 creator,
641 1752 808 1793 dicente
852 1752 1137 1795 Johannne:
1219 1753 1371 1794 Omnia
1411 1767 1490 1807 per
1535 1754 1671 1807 ipsum
1705 1753 1822 1807 facta
1854 1758 1950 1794 snnt

320 1828 430 1882 (Joli.
456 1830 492 1880 1,
514 1827 573 1881 3),
607 1828 697 1880 ipse
730 1828 857 1878 idem,
891 1829 1127 1870 secundum
1162 1829 1278 1881 quod
1313 1829 1455 1880 homo,
1490 1830 1626 1871 factus
1660 1833 1724 1871 est
1757 1843 1807 1871 ex
1839 1832 1949 1871 tem-

319 1918 436 1958 pore,
480 1905 647 1946 dicente
689 1906 956 1957 Apostolo:
1006 1906 1086 1957 Qui
1122 1905 1261 1958 factus
1302 1911 1357 1946 est
1395 1908 1430 1947 ei
1461 1921 1509 1947 ex
1540 1908 1690 1947 semine
1723 1907 1863 1948 David
1894 1920 1951 1947 se-

319 1981 495 2021 cundum
529 1994 692 2020 (tamem
726 1980 860 2035 (Rom.
885 1983 922 2033 1>
946 1980 1032 2034 3).1

463 2058 502 2098 5.
536 2058 662 2098 Item
693 2057 979 2118 quaeritnr,
1013 2058 1053 2098 si
1077 2058 1310 2099 Christus
1344 2059 1410 2099 sit
1438 2058 1713 2100 exauditus
1741 2059 1787 2099 in
1816 2059 1950 2100 omni

322 2147 412 2175 sua
465 2134 740 2175 oratione‘2.
822 2134 914 2175 Hoc
959 2134 1090 2175 habet
1142 2135 1248 2175 fides
1294 2134 1510 2185 ecclesiae,
1561 2135 1766 2188 quoniam
1812 2136 1951 2176 omnis

464 2285 555 2318 2-6
582 2284 667 2317 Illae
684 2310 690 2317 .
708 2310 714 2317 .
734 2282 1005 2327 ,perfectionem
1034 2295 1098 2317 om.
1120 2285 1208 2319 IVm.
1279 2284 1297 2316 7
1326 2283 1459 2327 dic-unt]
1487 2295 1606 2317 assero
1641 2286 1727 2317 Wm.
1820 2283 1953 2317 Christi

322 2356 386 2378 om.
421 2347 508 2378 Wm.
608 2343 628 2376 8
655 2355 699 2376 ex
726 2342 782 2376 his
808 2342 908 2386 sequi
937 2342 1029 2386 quod
1056 2354 1207 2386 persona
1234 2342 1368 2376 Christi
1396 2343 1483 2377 duas
1510 2343 1641 2376 habeat
1666 2343 1837 2377 scientias
1864 2346 1953 2377 Wm.

322 2405 342 2438 9
387 2403 520 2446 dicunt]
557 2403 633 2437 dico
668 2405 753 2436 Wm.
951 2403 991 2436 10
1040 2402 1103 2436 sed
1158 2402 1265 2436 etiam
1310 2414 1448 2436 omnem
1495 2403 1526 2435 Β
1570 2402 1632 2436 sed
1677 2414 1815 2436 omnem
1868 2404 1953 2437 Wm.

323 2465 547 2497 contestante
568 2465 655 2497 Wm.
770 2461 810 2495 12
837 2461 894 2495 Sic
922 2462 1020 2505 ergo]
1052 2461 1099 2495 Ut
1119 2464 1237 2495 autem
1259 2473 1366 2505 super
1386 2461 1453 2501 his,
1482 2461 1523 2494 de
1551 2461 1679 2505 quibus
1706 2474 1783 2505 ago,
1811 2473 1953 2495 sensum

323 2534 438 2556 meum
466 2522 568 2556 vobis
593 2521 751 2555 breviter
780 2521 948 2565 aperiam,
977 2521 1126 2561 affirmo,
1155 2520 1246 2564 quod
1273 2520 1367 2554 sicut
1392 2520 1627 2556 Christus...
1650 2523 1735 2555 Wm.
1838 2522 1878 2555 13
1905 2532 1956 2555 se-

324 2582 475 2616 cundum
510 2581 657 2615 eandem
690 2583 855 2615 naturam
889 2580 1011 2614 eadem
1044 2580 1152 2614 habet
1188 2582 1260 2613 Wm
1293 2580 1415 2613 eadem
1450 2579 1559 2614 habet
1593 2583 1620 2614 A
1656 2580 1849 2614 secundum
1878 2592 1955 2614 ean-

325 2642 402 2675 dem
431 2643 473 2677 B.
570 2641 609 2674 15
637 2640 741 2682 sicut]
767 2642 807 2673 ut
827 2642 917 2674 Wm.
1015 2640 1107 2673 sicut
1132 2642 1252 2673 autem
1269 2641 1300 2673 B
1326 2639 1420 2673 sicut
1445 2651 1529 2673 vero
1558 2642 1632 2673 Wm
1660 2640 1753 2673 sicut
1772 2639 1891 2673 anima
1911 2642 1955 2674 Α.

328 2701 369 2734 16
404 2706 484 2744 post
521 2699 614 2733 sicut
652 2702 734 2733 add.
768 2701 843 2733 IVm
881 2700 927 2734 et.
1076 2700 1116 2733 17
1154 2698 1346 2732 secundum
1387 2701 1609 2743 assumptum
1656 2699 1833 2733 hominem
1868 2701 1954 2733 Wm.

325 2758 408 2802 non]
436 2770 501 2793 nec
535 2761 621 2792 IfVm.
719 2758 764 2792 20
791 2758 882 2792 idem
911 2770 974 2792 om.
1006 2760 1091 2791 Wm.
1189 2757 1382 2791 secundum
1410 2757 1587 2791 hominem
1622 2760 1709 2792 Wm.

470 2894 480 2912 ¹
507 2895 573 2929 Hic
601 2895 635 2928 in
662 2894 814 2939 epistola
828 2893 1016 2928 Walteri
1033 2894 1211 2938 sequitur:
1240 2894 1424 2928 Hactenus
1444 2905 1484 2927 ea
1506 2893 1701 2927 intentione
1728 2894 1802 2927 sola
1827 2893 1956 2937 scripsi

327 2955 438 2995 vobis,
466 2957 505 2988 ut
531 2954 560 2988 si
587 2954 669 2998 quid
697 2954 731 2987 in
759 2966 809 2993 eo,
846 2953 938 2997 quod
964 2953 1015 2987 ita
1041 2954 1166 2993 sentio,
1195 2953 1295 2987 vobis
1322 2953 1496 2997 displicet,
1525 2953 1721 2987 rationibus
1747 2956 1783 2987 et
1809 2952 1957 2987 auctori-

327 3014 463 3048 tatibus
489 3020 544 3046 nie
571 3013 777 3048 instruendo
798 3013 1014 3047 rescribatis.
1067 3012 1166 3046 Vale.

471 3078 483 3096 ‘⁸'
508 3080 570 3114 SS.
597 3079 623 3116 Ι.
654 3079 694 3112 17
716 3079 815 3121 (76Α
834 3078 896 3120 Β);
923 3077 1191 3113 Petr.Lomb.
1220 3077 1490 3112 Sent.l.111.d.
1514 3078 1567 3112 17.
1595 3076 1956 3121 MagRolandus,

329 3140 381 3173 ed.
410 3139 539 3179 Gietl,
568 3150 598 3183 p.
632 3138 695 3171 182
716 3149 793 3182 sqq.
