2106 3453
12 1664 33 1689 f.
56 1665 115 1690 108.

527 231 717 266 Tractatus
743 231 802 267 VI.
856 230 906 265 De
933 231 1122 266 divinitate
1150 234 1185 265 et
1211 231 1397 266 Trinitate.
1688 233 1779 267 167*

150 334 279 375 Filius
320 337 383 375 est
424 334 712 387 omnipotens,
755 335 938 387 Spiritus
979 337 1153 377 sanctus
1187 339 1250 376 est
1284 335 1571 388 omnipotens,
1606 338 1646 377 et
1679 338 1779 377 sunt

149 425 259 452 unus
292 412 578 464 omnipotens.

289 490 327 529 Ξ).
365 489 489 530 110111
524 488 786 530 sciendum
823 492 914 540 est,
950 490 1083 542 quod
1118 490 1371 531 nominum
1405 490 1506 532 alia
1539 493 1656 531 sunt
1690 504 1777 531 na-

146 566 357 616 turalia,
400 566 500 607 alia
532 566 873 618 personalia1.
937 567 1209 608 Naturalia
1242 570 1342 608 sunt
1374 567 1547 609 addicta
1581 570 1774 617 naturae,

146 647 192 684 ut
212 644 364 693 bonus,
390 656 586 694 magnuS,
615 644 904 696 omnipotens,
940 648 1121 695 creator,
1150 645 1422 697 principium.
1475 644 1773 686 personalia

144 724 244 761 suut
284 721 458 783 addicta
491 721 790 772 personalibus
822 722 1173 774 proprietatibus,
1215 725 1262 763 ut
1299 722 1440 772 Pater,
1482 722 1625 766 Filius,
1659 721 1776 773 geni-

143 801 225 847 tus,
266 798 492 849 ingenitus,
533 798 730 850 Spiritus,
772 812 942 847 munus,
982 799 1158 840 donum.
1223 800 1283 840 De
1322 799 1387 840 liis
1427 800 1694 840 dimittamus
1734 801 1776 840 et

143 875 195 915 de
228 874 495 916 naturalibus
529 888 722 927 agamus.
777 876 970 925 Quorum
1006 876 1088 917 alia
1123 877 1375 928 praedicant
1408 876 1774 925 substantiam,

144 954 189 992 ut
206 952 357 1002 bonus,
374 964 569 1003 magnus,
592 953 865 1005 omnipotens
889 956 981 1003 etc.,
999 952 1081 994 alia
1100 953 1424 1004 relationem,
1441 956 1486 994 ut
1502 953 1773 1005 principium,

141 1029 355 1079 dominus,
391 1032 571 1079 creator,
608 1033 823 1082 operator,
858 1030 1081 1082 refugium.
1147 1030 1222 1071 His
1262 1031 1444 1080 omissis,
1479 1031 1532 1071 de
1564 1030 1628 1070 his
1661 1043 1773 1082 quae.

141 1106 300 1148 habent
321 1106 571 1159 praedicare
598 1107 943 1148 substantiam
968 1120 1162 1159 agamus.
1218 1107 1450 1149 Sciendum
1485 1110 1561 1157 est,
1585 1107 1699 1160 quod
1723 1120 1771 1147 ea

140 1197 251 1237 quae
283 1184 570 1225 substantiam
604 1185 870 1236 praedicant,
905 1185 987 1225 alia
1020 1185 1273 1237 praedicant
1300 1185 1587 1226 substantiam
1621 1185 1771 1227 abso-

140 1261 264 1311 lute,
287 1263 333 1301 ut
354 1261 507 1312 bonus,
523 1261 707 1314 sapiens,
724 1262 805 1302 alia
822 1262 863 1302 in
885 1265 1121 1314 respectu
1139 1262 1351 1312 dicuntur,
1368 1265 1414 1303 ut
1428 1263 1577 1304 trinus.
1613 1262 1769 1303 Eorum

138 1351 238 1379 vero
272 1352 383 1391 quae
416 1339 668 1390 praedicant
701 1339 1049 1380 substantiam
1083 1339 1339 1388 absolute,
1384 1339 1481 1380 talis
1514 1342 1578 1381 est
1610 1340 1769 1391 regula,

138 1416 254 1468 quod
287 1416 533 1467 singillatim
570 1416 732 1457 habent
765 1416 847 1457 dici
879 1416 932 1457 de
965 1429 1227 1469 unaquaque
1260 1430 1446 1469 persona
1480 1420 1517 1457 et
1547 1417 1771 1469 singulari-

136 1496 200 1534 ter
239 1494 279 1533 in
320 1507 503 1543 summa,
553 1497 615 1534 ut:
663 1493 791 1534 Pater
830 1497 894 1534 est
933 1494 1085 1544 bonus,
1130 1494 1259 1535 Filius
1293 1498 1358 1535 est
1390 1495 1543 1545 bonus,
1585 1494 1769 1547 Spiritus

135 1573 310 1611 sanctus
344 1574 407 1611 est
441 1571 598 1620 bonus;
646 1584 732 1612 non
773 1574 859 1611 tres
899 1571 1012 1621 boni,
1055 1571 1130 1613 sed
1170 1584 1281 1612 unus
1314 1572 1465 1613 bonus.
1530 1572 1580 1612 Et
1618 1572 1677 1613 sic
1717 1572 1770 1613 de

134 1647 297 1697 ceteris,
332 1650 531 1701 exempto
561 1649 565 1701 ,ἰ
594 1648 676 1690 1100
716 1649 888 1690 nomine
921 1652 1150 1701 ,persona‘,
1190 1649 1305 1701 quod
1348 1663 1434 1690 non
1478 1649 1608 1690 babet
1640 1650 1768 1702 signi-

134 1726 262 1765 ficare
295 1725 596 1767 substantiam.
648 1726 792 1776 Quare
826 1739 924 1777 ergo
958 1726 1229 1768 nominatum
1266 1729 1329 1768 est
1356 1727 1465 1768 inter
1487 1727 1555 1769 illa
1577 1728 1766 1778 nomina,

134 1815 245 1854 quae
277 1802 517 1854 significant
550 1803 864 1844 substantiam?
926 1803 1012 1844 Sed
1045 1817 1131 1844 non
1165 1803 1262 1845 ideo
1294 1804 1482 1857 positum
1528 1808 1604 1853 est,
1648 1805 1766 1857 quod

131 1880 338 1931 significet
376 1880 679 1929 substantiam,
720 1881 795 1922 sed
828 1882 929 1933 quia
961 1882 1157 1933 sequitur
1190 1881 1380 1932 regulam
1418 1882 1761 1934 praedicantium

132 1957 327 1998 absolute
360 1958 662 1999 substantiam.
698 1958 816 1999 Sicut
849 1958 919 1999 illa
952 1959 1205 2010 praedicant
1238 1959 1529 2001 substantiam
1566 1960 1763 2001 absolute

131 2036 172 2073 et
210 2034 300 2075 sine
338 2038 535 2086 respectu
568 2035 781 2085 dicuntur,
833 2035 891 2076 ita
926 2035 1006 2076 hoc
1040 2049 1197 2077 nomen
1244 2039 1455 2089 ,persona‘
1491 2037 1687 2078 absolute
1722 2040 1763 2078 et

131 2111 222 2152 sine
259 2114 455 2164 respectu
499 2112 664 2153 dicitur.
730 2112 852 2153 Unde
886 2113 1258 2165 Augustinus&
1307 2114 1439 2163 ,Sicut
1479 2113 1560 2154 hoc
1604 2127 1759 2155 nomen

132 2189 243 2229 Deus
275 2189 330 2229 ad
357 2203 415 2237 se,
450 2189 508 2230 ita
540 2189 621 2230 hoc
653 2203 812 2231 nomen
838 2203 1023 2242 persona
1056 2190 1111 2231 ad
1144 2203 1189 2231 se
1222 2190 1387 2233 dicitur.
1452 2190 1559 2232 Nam
1594 2192 1629 2232 si
1661 2191 1760 2232 sub·
1784 2207 1798 2231 ε

129 2266 333 2307 stantiam
365 2266 649 2319 praedicaret,
690 2267 961 2318 singulariter
993 2267 1207 2309 diceretur
1238 2269 1277 2308 in
1313 2281 1497 2319 summa,
1540 2269 1647 2310 sicut
1681 2269 1760 2311 hoc

129 2356 286 2384 nomen
320 2344 486 2385 bonus‘.

272 2422 310 2461 3.
344 2422 466 2462 Item
501 2422 631 2462 solet
664 2422 840 2474 quaeri
873 2422 931 2463 de
965 2422 1056 2463 1100
1090 2423 1292 2463 nomine
1326 2426 1610 2473 aeternus:
1650 2437 1757 2464 cum

129 2497 193 2537 sit
225 2498 479 2548 naturale,
522 2498 569 2538 id
610 2501 685 2540 est
723 2499 983 2540 addictum
1017 2502 1252 2549 naturae,
1296 2499 1334 2540 si
1369 2500 1520 2541 habet
1552 2501 1758 2552 praedi-

128 2586 243 2615 care
276 2574 632 2615 substantiam.
697 2575 781 2615 Sed
815 2589 902 2616 non
935 2576 1157 2628 praedicat
1189 2576 1491 2626 substantiam,
1537 2577 1612 2617 sed
1652 2589 1757 2628 qua-

128 2649 305 2700 litatem,
352 2662 463 2702 quae
502 2650 797 2691 consideratur
829 2663 879 2691 ex
913 2665 976 2701 eo,
1022 2651 1139 2704 quod
1172 2665 1321 2692 carens
1354 2651 1560 2704 principio
1601 2654 1641 2692 et
1674 2653 1757 2693 fine

267 2752 287 2785 2
315 2765 421 2787 unum
444 2757 484 2787 A.
607 2756 626 2788 5
653 2760 733 2798 post
758 2754 960 2799 personalia
986 2757 1069 2789 add.
1101 2759 1126 2788 A
1154 2757 1184 2788 ὕ
1212 2766 1313 2799 quae.
1440 2755 1478 2788 13
1502 2761 1585 2798 post
1610 2756 1757 2800 sapiens

126 2814 210 2847 add.
232 2814 261 2846 B
282 2812 420 2852 dicitur,
442 2825 505 2847 om.
521 2819 646 2856 postea
666 2813 842 2848 dicuntur.
895 2815 937 2848 15
959 2814 1051 2858 quod
1073 2814 1285 2857 singillatim
1307 2826 1371 2848 om..
1389 2815 1430 2848 Β.
1485 2814 1524 2848 18
1548 2818 1697 2859 excepto
1715 2817 1754 2849 B.

126 2872 169 2905 25
197 2871 241 2905 ad
266 2874 400 2915 scripsi
425 2874 618 2907 secundum
645 2874 795 2916 Augszcst.
823 2885 843 2906 a
870 2876 901 2907 A
926 2876 965 2907 B.

269 2963 279 2981 ¹
306 2965 367 2997 SS.
396 2964 420 3004 I,
442 2964 462 2997 9
490 2964 589 3006 (5513
616 2964 726 3009 sqq.);
755 2965 865 3010 Petr.
892 2965 1030 2999 Lomb.
1058 2967 1151 2999 Sent.
1178 2966 1200 3000 l.
1227 2965 1253 2999 I.
1281 2965 1312 2999 d.
1340 2965 1395 2999 22.
1423 2977 1451 3001 0.
1478 2966 1511 2999 4.

269 3021 281 3040 ²
308 3025 360 3057 De
389 3025 565 3057 Trinltctte
589 3023 613 3058 1.
640 3024 718 3058 Vll.
746 3036 774 3058 0.
803 3025 834 3058 6.
860 3037 893 3058 n.
924 3025 963 3059 11
1003 3025 1082 3067 (PL.
1109 3025 1164 3066 40,
1194 3025 1291 3068 943):
1332 3025 1374 3059 ad
1403 3036 1440 3059 se
1467 3026 1596 3070 quippe
1623 3025 1754 3059 dicitur

126 3093 286 3126 persona,
326 3094 394 3116 non
427 3082 470 3115 ad
502 3082 629 3116 Filium
663 3084 720 3117 vel
752 3083 922 3127 Spiritum
955 3086 1128 3125 sanctum,
1168 3084 1261 3118 sicut
1293 3084 1336 3118 ad
1368 3096 1406 3118 se
1442 3084 1571 3118 dicitur
1595 3084 1692 3119 Deus
1718 3088 1755 3120 01

129 3152 281 3184 magnus
308 3146 343 3174 01
368 3141 480 3175 bonus
506 3144 542 3176 et
568 3142 683 3177 iustus
709 3146 744 3177 01
770 3143 800 3177 si
826 3143 910 3187 quid
937 3143 1031 3177 aliud
1058 3144 1270 3178 huiusmodi.

1796 1046 1827 1071 lO

1794 1437 1824 1462 15

1785 1822 1819 1847 20

1778 2591 1811 2616 30
