2106 3453
326 1122 356 1147 10

327 1502 358 1526 15

373 225 419 263 94
428 223 444 244 *
971 224 1177 267 Sententiae
1205 225 1416 264 divinitatis.

373 332 463 373 lens
506 334 547 373 et
587 345 672 373 una
716 332 915 374 voluntas
953 332 1189 374 secundum
1225 333 1339 385 quod
1374 332 1488 373 Deus
1521 331 1587 373 vel
1620 331 1857 373 secundum
1891 331 2007 385 quod

374 409 520 459 homo,
554 422 630 461 per
662 409 858 450 habitum
893 411 935 449 et
960 408 1336 462 participationem
1369 409 1588 450 humanae
1615 409 1861 459 voluntatis,
1896 422 2008 461 quae

374 485 584 527 adhaeret
624 486 807 535 divinae,
851 498 936 525 non
974 494 1130 536 genere
1169 488 1350 526 naturae
1390 498 1484 526 cum
1526 485 1654 526 Patre
1692 498 1804 525 unus
1842 485 2007 532 volens;

374 561 534 602 scilicet
574 561 684 602 sicut
724 561 853 602 Pater
894 574 980 601 non
1026 563 1089 602 est
1130 561 1314 602 hominis
1360 561 1573 610 voluntas,
1619 561 1679 601 ita
1718 573 1890 613 quoque
1930 574 2007 601 nec

375 638 503 678 Filius
536 637 722 678 hominis
759 638 969 679 voluntas.

426 779 491 817 IV.
533 779 589 817 De
618 779 761 817 unione
790 779 985 817 humanae
1015 780 1056 817 et
1086 779 1242 817 divinae
1270 781 1440 817 naturae
1469 780 1562 828 post
1590 779 1756 817 mortem
1786 754 1951 816 Christi.
1978 752 1981 754 —

522 867 557 908 1.
604 867 772 907 Dictum
814 868 889 916 est,
930 867 1047 919 quod
1087 867 1216 907 Filius
1256 867 1330 907 Dei
1370 867 1509 908 factus
1549 869 1612 907 est
1651 866 1794 907 homo.
1864 866 2010 906 Modo

376 943 657 994 quaeritur,
709 942 748 982 si
800 942 954 983 desiit
1005 956 1119 983 esse
1170 943 1337 993 homo,
1404 941 1451 982 id
1515 945 1608 993 est,
1673 942 1712 982 si
1771 942 2013 994 deposuit

375 1018 635 1059 hominem
656 1020 681 1059 1.

521 1094 647 1144 Quod
675 1094 934 1136 auctoritate
962 1097 1003 1135 et
1030 1094 1197 1135 ratione
1222 1094 1444 1147 probatur.
1512 1094 1617 1135 Dicit
1632 1093 1961 1145 *Augustinus
1980 1096 2012 1134 c2:

378 1170 644 1219 ,Maledictus
689 1170 833 1219 homo,
881 1170 953 1222 qui
995 1183 1081 1211 non
1124 1170 1351 1211 crediderit
1384 1171 1604 1211 hominem
1638 1170 1780 1211 denuo
1814 1182 2013 1222 assump-

377 1249 483 1287 tum‘
524 1246 566 1286 id
607 1250 670 1287 est
697 1260 722 1288 a
750 1246 905 1287 VerbO.
969 1246 1074 1288 Item
1095 1248 1133 1288 3:
1169 1247 1354 1297 ,Clamat
1382 1260 1481 1288 caro
1510 1248 1717 1288 moritura
1740 1246 2015 1299 separatione

377 1322 639 1363 divinitatis‘.
743 1322 794 1362 Et
842 1322 991 1363 alibi4:
1051 1322 1220 1363 Clamat
1275 1336 1375 1363 caro
1426 1322 1648 1372 moritura,
1709 1322 1835 1363 Verbi
1890 1335 1914 1362 a
1971 1334 2015 1361 se

379 1400 621 1440 contestata
654 1398 909 1439 discidium‘.

521 1475 708 1515 Ratione
753 1475 880 1515 etiam
928 1475 1159 1527 probatur:
1218 1475 1262 1515 In
1310 1475 1451 1515 triduo
1497 1474 1627 1515 Filius
1673 1473 1746 1515 Dei
1793 1486 1895 1518 non>
1926 1476 2016 1514 erat

378 1550 524 1600 homo,
564 1551 666 1603 quia
704 1553 900 1591 mortuus
940 1553 1045 1601 erat,
1089 1564 1189 1602 ergo
1233 1564 1317 1591 non
1353 1553 1446 1593 erat
1477 1551 1626 1599 homo;
1671 1550 1705 1590 si
1739 1550 1852 1590 enim
1886 1549 2015 1590 homo

379 1628 491 1667 esset
523 1629 638 1676 tunc,
681 1626 746 1667 vel
781 1627 972 1668 mortalis
1005 1627 1070 1668 vel
1104 1627 1372 1676 immortalis,
1420 1627 1496 1667 sed
1528 1629 1831 1667 neutrum.‘——⁴
1866 1625 2034 1666 Item:

379 1703 475 1762 Non
498 1705 590 1744 erat
604 1703 749 1744 anima
765 1703 995 1754 animatus
1013 1716 1113 1755 ergo
1134 1716 1220 1744 non
1237 1705 1329 1744 erat
1344 1703 1488 1753 homo,
1506 1702 1631 1744 desiit
1646 1715 1745 1754 ergo
1763 1714 1855 1743 esse
1871 1701 2016 1751 homo,

380 1792 475 1820 cum
516 1779 634 1831 prius
673 1781 786 1819 esset
824 1778 969 1829 homo,
1014 1782 1054 1820 et
1087 1779 1285 1832 deposuit
1327 1779 1642 1823 humanitatem
1677 1777 1718 1818 in
1752 1777 1821 1818 illo
1856 1777 2013 1819 triduo.

523 1855 715 1896 Contra
748 1855 830 1896 hoc
853 1855 954 1896 dicit
975 1855 1058 1897 alia
1083 1855 1318 1896 auotoritas
1336 1856 1375 1896 ⁵:
1412 1855 1614 1904 Verbum,
1637 1867 1686 1894 ex
1709 1867 1795 1906 quo
1819 1866 2018 1905 assump-

380 1931 433 1972 sit
466 1931 698 1982 hominem,
727 1944 814 1972 non
847 1930 1060 1984 deposuit.
1125 1932 1193 1973 Et:
1231 1932 1275 1972 Si
1308 1931 1433 1972 desiit
1465 1944 1558 1972 esse
1586 1931 1729 1980 homo,
1765 1942 1865 1981 ergo
1893 1929 2017 1970 desiit

525 2058 539 2091 1
569 2056 627 2090 vel
660 2056 868 2101 secundum]
904 2057 1098 2091 seeundum
1130 2070 1194 2091 om.
1223 2059 1267 2092 A.
1365 2057 1386 2090 2
1413 2056 1585 2091 ambitum
1620 2059 1650 2090 A
1676 2058 1715 2090 Β.
1820 2056 1840 2090 8
1864 2061 1945 2099 post
1966 2055 2019 2089 de-

380 2116 499 2160 posuit
524 2118 606 2149 add.
634 2118 666 2150 B
692 2128 783 2150 esse.
889 2117 936 2150 12
964 2116 998 2150 id
1025 2119 1080 2150 est
1106 2129 1170 2150 om.
1198 2119 1241 2150 B.
1260 2128 1289 2150 ‘a
1315 2118 1454 2160 addidi,
1482 2127 1546 2152 om.
1574 2118 1605 2149 A
1624 2118 1663 2151 B.
1768 2115 1886 2157 item]
1914 2117 1950 2148 et
1978 2117 2020 2150 B.

383 2176 425 2209 15
452 2176 560 2209 etiam
587 2188 651 2209 om.
670 2178 709 2210 B.
813 2176 854 2209 16
880 2182 959 2219 post
982 2178 1142 2209 mortuus
1164 2177 1247 2209 add.
1265 2177 1295 2209 Β
1315 2175 1429 2211 homo.
1528 2175 1570 2209 21
1598 2181 1679 2218 post
1699 2174 1865 2219 deposuit
1887 2176 1970 2210 add.
1992 2175 2020 2206 Ι]

380 2235 570 2270 hominem.

528 2338 626 2373 ¹SS.
652 2338 680 2379 I,
710 2338 751 2372 19
785 2338 842 2377 (78
862 2340 923 2383 D);
977 2338 1083 2382 Mag.
1122 2338 1365 2377 Rolandus,
1417 2338 1470 2373 ed.
1519 2337 1654 2378 Gietl,
1708 2349 1741 2382 p.
1784 2337 1865 2376 190;
1906 2337 2018 2371 Petr.

384 2396 522 2431 Lomb.
549 2398 642 2431 Sem.
670 2397 692 2431 l.
722 2397 785 2432 ΙΙΙ.
813 2397 844 2432 d.
874 2398 929 2438 21,
957 2398 1012 2432 22.

526 2455 538 2473 ‘²
563 2456 762 2500 Vigilius
788 2456 1030 2501 Tapsensis
1059 2459 1108 2490 De
1136 2459 1313 2490 Trlnitate
1338 2456 1361 2490 l.
1387 2456 1443 2490 VI.
1460 2455 1541 2496 (PL.
1558 2456 1613 2496 62,
1638 2455 1775 2497 280AE:
1806 2455 2020 2489 Maledictus

383 2515 496 2556 homo,
534 2516 594 2560 qui
626 2516 718 2549 hunc
753 2517 869 2549 totum
903 2516 1094 2556 hominem,
1132 2515 1165 2549 id
1203 2518 1259 2549 est
1285 2515 1439 2549 animam
1466 2518 1501 2549 et
1527 2526 1664 2559 corpus,
1692 2515 1785 2559 quod
1813 2514 2018 2558 assumpsit,

384 2574 497 2609 denuo
530 2578 753 2620 assumptum
786 2575 843 2609 vel
876 2575 1065 2609 liberatum
1097 2577 1179 2619 post
1211 2575 1318 2609 tertia
1355 2575 1409 2608 die
1429 2586 1467 2608 *a
1502 2574 1651 2608 mortuis
1685 2574 1925 2608 resurrexisse
1952 2578 2021 2607 no'n

385 2634 608 2668 confiteatur.
1441 2663 1443 2665 ,

528 2695 540 2711 ³
568 2693 758 2728 Ambros.
813 2696 944 2737 Expos.
998 2696 1032 2727 ἱη
1085 2695 1220 2736 Evcmy.
1259 2704 1324 2726 see.
1377 2693 1463 2726 Luc.
1503 2692 1540 2725 L.
1576 2692 1619 2725 X.
1659 2703 1691 2725 n.
1739 2691 1815 2725 127.
1855 2690 1936 2735 (PL.
1967 2692 2019 2730 15,

388 2753 476 2787 1836
492 2756 559 2793 A):
672 2753 729 2787 vel
755 2753 903 2787 evidens
929 2740 1173 2786 manifestatio
1200 2748 1438 2785 contestantis
1464 2750 1528 2784 Dei
1554 2745 1792 2785 secessionem
1820 2745 2021 2799 divinitatis

384 2814 420 2846 et
446 2813 613 2856 corporis.
665 2812 722 2846 Sic
757 2812 850 2846 enim
877 2811 1003 2846 habes:
1046 2813 1220 2845 Clamavit
1246 2813 1353 2845 Jesns
1386 2812 1453 2844 etc.
1483 2806 1622 2851 (Meam.
1644 2813 1699 2854 27,
1721 2810 1790 2852 46).
1842 2801 2021 2842 Clamauit

384 2871 489 2905 homo
516 2872 716 2906 divinitatis
741 2871 970 2916 separatione
996 2859 1199 2904 moriturus.

526 2930 539 2948 ⁴
566 2930 783 2972 Hilarius,
827 2932 1013 2964 Comment.
1052 2931 1088 2962 in
1129 2930 1255 2963 Matth.
1294 2940 1323 2962 c.
1362 2927 1419 2962 33.
1453 2940 1485 2962 n.
1519 2928 1539 2961 6
1579 2927 1659 2969 (PL.
1698 2928 1728 2968 9,
1769 2927 2020 2968 1074,1075):

385 2989 527 3024 Clamor
564 3001 648 3024 vero
687 2990 730 3023 ad
769 2989 882 3023 Deum
921 2988 1078 3033 corporis
1113 2999 1184 3021 vox
1225 2989 1289 3029 est,
1330 2987 1530 3021 recedentis
1569 2999 1589 3021 a
1615 2999 1653 3021 se
1680 2986 1879 3021 VerbiDei
1906 2988 2021 3019 conte-

387 3050 484 3083 stata
510 3048 707 3083 dissidium.
1270 3072 1272 3075 s

528 3106 541 3124 ⁶
568 3108 765 3152 August„
795 3109 839 3140 In
864 3108 944 3140 Joh.
972 3111 1072 3142 tract.
1099 3106 1207 3140 47.11.
1234 3105 1285 3140 10.
1313 3104 1395 3147 (PL.
1417 3104 1472 3146 35,
1498 3104 1613 3145 1738),
1640 3104 1834 3138 secundum
1864 3115 2019 3138 sensum.
