2106 3453
300 1015 333 1040 10

300 1399 332 1425 15

351 199 421 235 14*
947 199 1153 235 Sententiae
1180 199 1392 234 divinitatis.

349 305 632 347 conexionem
687 316 762 344 seu
816 303 1171 356 compositionem
1224 303 1323 344 alibi
1379 305 1445 353 sit,
1504 307 1649 345 tamen
1694 305 1751 345 ibi
1796 307 1860 345 est
1905 316 1983 357 per

349 382 595 431 essentiam,
631 380 746 433 quod
782 381 872 422 eius
914 380 1065 421 effectu
1108 381 1329 432 probatur.
1393 380 1504 421 Solis
1546 394 1736 434 namque
1780 394 1982 433 praesen-

350 459 409 500 tia
443 460 595 499 cuncta
629 458 860 508 calescunt,
895 458 1090 499 absentia
1123 457 1374 509 stigescrmt;
1411 460 1453 499 et
1486 458 1590 498 dum
1622 459 1664 499 in
1698 472 1798 499 vere
1824 471 1982 510 appro-

349 535 453 588 piat,
497 535 641 576 omnia
685 535 879 586 germina
924 535 1154 577 herbarum
1199 538 1406 587 tanquam
1450 535 1672 575 dominum
1721 535 1832 575 vitae
1870 535 1984 576 salu-

350 615 458 655 tant.
523 612 592 653 Sic
625 612 770 664 itaque
814 612 1008 661 dicimus,
1052 611 1168 664 quod
1208 612 1322 652 Deus
1364 612 1579 664 separavit
1622 612 1762 662 ignem
1806 612 1860 653 ab
1903 612 1983 652 illis

350 690 410 731 ita
437 689 636 740 confusis,
669 703 782 742 aqua
810 689 979 739 scilicet,
1010 691 1125 730 terra
1153 691 1193 729 et
1221 693 1333 738 aere,
1361 689 1605 742 locavitque
1632 702 1728 731 eum
1758 689 1799 730 in
1821 689 1986 730 oriente

351 769 393 808 et
426 767 508 809 ista
542 767 612 808 lux
644 767 722 808 fuit
754 766 894 819 prima
927 766 1030 807 dies.

493 844 578 885 Sed
624 844 879 893 notandum,
924 843 1040 896 quod
1085 856 1172 883 non
1217 843 1368 884 habuit
1412 856 1554 893 mane,
1602 843 1703 895 quia
1749 856 1877 885 mane
1921 846 1985 884 est

352 922 567 974 quaedam
601 922 672 962 lux
705 921 962 973 praenuntia
994 920 1095 961 solis
1129 923 1262 970 ortus,
1304 934 1416 973 quae
1456 920 1612 962 dicitur
1653 933 1824 970 aurora,
1868 921 1984 973 quod

353 1001 479 1040 caute
524 998 736 1051 scriptura
780 997 953 1047 indicat,
1001 997 1267 1049 distinguens
1311 997 1554 1038 naturalem
1599 997 1711 1038 diem
1758 1011 1834 1049 per
1877 997 1985 1038 duos

352 1078 566 1117 extremos
607 1075 809 1117 articulos
868 1074 948 1116 ita:
1001 1074 1056 1114 Et
1096 1073 1256 1127 factum
1300 1078 1356 1114 cst
1408 1088 1577 1127 vespere,
1622 1074 1737 1127 quod
1783 1077 1847 1115 est
1888 1075 1984 1115 finis

351 1153 582 1194 artificialis
610 1152 707 1202 diei,
735 1156 770 1192 et
801 1164 933 1203 mane,
959 1151 1075 1204 quod
1097 1154 1161 1192 est
1181 1151 1276 1192 finis
1298 1151 1447 1201 noctis,
1472 1151 1557 1191 dies
1580 1152 1712 1192 zmzcsl
1733 1151 1853 1205 (Gen.
1873 1153 1910 1203 1,
1929 1152 1986 1206 5).

494 1229 580 1271 Sed
625 1229 870 1281 opponitur,
922 1228 1038 1280 quod
1082 1228 1168 1268 duo
1215 1228 1326 1270 facta
1368 1228 1609 1278 luminaria,
1654 1229 1813 1270 scilicet
1847 1229 1909 1269 sol
1945 1232 1985 1269 et

351 1307 466 1348 luna.
502 1330 553 1334 --
589 1306 692 1347 Dico
726 1306 860 1347 solem
894 1305 1162 1346 defaecatum
1182 1307 1196 1330 2
1229 1318 1334 1355 esse,
1371 1306 1416 1345 ut
1448 1305 1656 1346 maiorem
1689 1308 1731 1347 et
1758 1305 1981 1347 clariorem

354 1384 490 1425 lucem
522 1383 734 1433 redderet,
778 1383 981 1435 quoniam
1017 1383 1086 1424 illa
1119 1383 1311 1424 confusio
1353 1395 1439 1423 non
1483 1385 1576 1424 erat
1619 1382 1746 1435 digna
1790 1383 1984 1425 claritate

351 1462 486 1511 tanta,
534 1462 697 1512 quanta
750 1462 902 1512 postea
945 1459 1032 1500 fuit.
1114 1460 1174 1500 De
1212 1459 1283 1501 illa
1316 1459 1606 1501 faeculantia3
1654 1460 1821 1511 dicitur,
1870 1460 1985 1513 quod

352 1536 490 1578 factus
532 1536 585 1577 sit
625 1535 815 1587 galaxias
852 1535 909 1578 ad
952 1549 1076 1576 usum
1116 1536 1252 1577 noctis
1269 1538 1299 1577 4.

492 1652 514 1685 4
540 1651 714 1695 germina]
742 1651 906 1694 gramina
933 1652 976 1684 R.
1084 1651 1103 1684 6
1131 1651 1234 1694 aquis
1260 1653 1303 1684 Α.
1401 1650 1539 1684 scilicet
1574 1662 1639 1684 om.
1669 1653 1709 1685 A.
1824 1651 1864 1685 13
1893 1651 1986 1695 quod

352 1712 420 1745 1111
446 1711 544 1745 facta
579 1713 662 1745 sunt
688 1710 877 1744 luminaria
904 1710 991 1744 duos
1017 1710 1178 1745 scilicet.
1196 1739 1226 1745 ..
1250 1710 1291 1742 Β.
1393 1710 1433 1743 16
1461 1710 1655 1744 feculantia
1676 1712 1718 1746 B.
1819 1711 1858 1744 17
1886 1710 1986 1744 facta

353 1771 498 1815 galaxia
525 1774 567 1805 A.

498 1862 674 1905 ¹Hugo,
726 1864 853 1897 Adnot.
893 1863 978 1894 elne,
1013 1873 1040 1894 c.
1079 1861 1126 1894 VI
1166 1861 1248 1901 (PL.
1291 1861 1366 1900 17⁵,
1406 1861 1450 1894 34
1469 1861 1529 1902 D):
1675 1862 1710 1894 et
1754 1860 1804 1894 ita
1849 1860 1988 1894 initium

353 1922 449 1956 illius
481 1921 583 1966 primi
618 1921 687 1955 diei
719 1933 787 1955 non
820 1910 1017 1965 praecessit
1049 1932 1175 1954 aurora
1207 1920 1284 1954 sive
1317 1932 1430 1961 mane,
1470 1920 1504 1954 id
1543 1922 1598 1953 est
1624 1919 1696 1953 lux
1723 1919 1990 1964 praenuntia

353 1983 476 2015 ortus
511 1981 637 2025 solis3
675 1980 785 2024 quod
821 1983 951 2013 caute
987 1980 1175 2013 innuens
1209 1979 1435 2023 scriptura
1468 1979 1710 2022 distinguit
1744 1979 1988 2012 naturalem

354 2041 462 2075 diem
485 2052 559 2085 per
580 2040 685 2073 duos
706 2042 928 2073 extremos
956 2039 1190 2079 articulos,
1215 2039 1293 2074 ita:
1324 2038 1374 2072 Et
1395 2039 1578 2079 factum,
1601 2038 1764 2082 inquit,
1788 2049 1989 2082 vespere,

354 2100 462 2144 quod
502 2102 569 2133 est
606 2100 715 2133 finis
756 2098 1022 2132 artificialis
1060 2098 1165 2139 diei,
1206 2100 1247 2131 et
1285 2098 1452 2132 factum
1487 2102 1556 2131 est
1591 2109 1730 2138 mane,
1770 2097 1881 2142 quod
1921 2099 1989 2131 est

354 2159 461 2193 finis
488 2159 645 2193 noctis.

497 2217 509 2235 *²
536 2218 767 2252 Defaecatum
802 2229 822 2251 a
857 2217 1054 2258 defaecare,
1094 2217 1186 2260 quod
1220 2219 1275 2250 est
1309 2228 1340 2257 ,a
1372 2217 1471 2250 faece
1500 2219 1677 2261 purgare‘.
1729 2216 1790 2249 Du
1824 2216 1989 2259 Gange,

357 2280 584 2311 Glossarizmz
604 2289 630 2311 s.
651 2276 684 2310 h.
704 2288 738 2310 v.
781 2276 832 2309 Ad
853 2287 997 2310 sensum
1018 2276 1140 2309 confer
1160 2275 1397 2319 Hugonem,
1429 2277 1479 2309 De
1498 2288 1589 2309 secer.
1607 2275 1644 2310 L.
1660 2276 1685 2310 Ι.
1700 2287 1733 2319 p.
1747 2276 1774 2310 Ι.
1790 2287 1818 2310 o,
1838 2276 1891 2310 15.
1906 2274 1988 2315 (PL.

357 2337 433 2377 176,
472 2336 536 2370 199
564 2337 626 2375 Α);
681 2335 750 2369 Sed
786 2335 865 2379 quis
901 2335 982 2374 scit,
1024 2337 1141 2368 utrum
1178 2335 1255 2379 ipsa
1288 2335 1410 2369 eadem
1447 2334 1509 2368 lux
1548 2337 1671 2378 postea
1713 2335 1748 2367 in
1788 2334 1874 2368 solis
1911 2334 1985 2367 sub-

354 2395 524 2430 stantiam
551 2394 727 2429 translata
753 2395 801 2428 sit
820 2396 856 2428 et
882 2394 1053 2438 ampliata
1079 2394 1243 2428 claritate
1267 2395 1415 2428 formam
1443 2393 1624 2427 meliorem
1652 2393 1842 2437 acceperit,
1871 2404 1991 2436 quem-

355 2454 542 2488 admodum
586 2454 619 2487 in
661 2453 796 2498 nuptiis
832 2454 939 2487 Jesus
974 2453 1016 2486 de
1053 2453 1155 2497 aquis
1192 2454 1313 2487 vinum
1348 2453 1505 2488 fecit...
1579 2454 1708 2488 Adnot.
1746 2454 1831 2485 elue.
1871 2463 1900 2486 c.
1940 2451 1989 2485 VI

355 2513 436 2555 (PL.
466 2514 542 2553 175,
576 2513 619 2546 35
643 2512 705 2555 B):
770 2512 808 2546 ln
852 2514 980 2556 quarta
1018 2512 1073 2546 die
1119 2512 1161 2546 de
1198 2513 1276 2546 luce
1315 2512 1392 2546 sive-
1430 2512 1513 2554 igne
1549 2511 1730 2555 praedicto
1773 2511 1990 2544 meliorando

355 2585 434 2606 eum
471 2572 583 2606 forma
615 2574 651 2605 et
689 2571 885 2616 splendore,
924 2571 1010 2605 fecit
1036 2571 1159 2604 solem.
1211 2570 1309 2612 Quod
1338 2571 1380 2604 de
1407 2582 1514 2615 supra
1540 2572 1734 2604 memorato
1761 2571 1843 2613 igne
1870 2571 1989 2603 factus

355 2632 402 2666 sit
437 2632 499 2672 sol,
536 2631 616 2665 inde
651 2631 855 2670 conicimus,
889 2630 981 2674 quod
1018 2630 1060 2663 de
1087 2630 1165 2673 lege
1191 2631 1325 2664 factum
1365 2632 1420 2663 est
1446 2629 1597 2674 quodam
1626 2629 1727 2663 modo
1755 2629 1989 2672 Evangelium

355 2694 391 2725 et
417 2692 451 2725 in
479 2690 616 2735 nuptiis
642 2690 684 2724 de
711 2701 804 2734 aqua
830 2690 966 2723 vinum.

498 2748 510 2767 ³
529 2748 748 2784 faeculantia
774 2764 815 2776 z
842 2749 954 2782 faecis
981 2748 1209 2783 abundantia.
1260 2748 1500 2782 Forcellini
1527 2759 1554 2782 s.
1582 2747 1615 2781 h.
1643 2759 1676 2781 v.

498 2809 510 2826 ⁴
536 2808 676 2852 Hugo,
717 2811 768 2842 De
803 2820 955 2842 sacram.
994 2807 1031 2843 L.
1061 2808 1086 2843 Ι.
1113 2819 1145 2852 p.
1175 2807 1199 2842 J.
1227 2819 1256 2843 e.
1287 2808 1340 2842 15.
1376 2806 1456 2850 (PL.
1488 2807 1563 2845 176,
1607 2807 1671 2840 199
1712 2808 1771 2847 A):
1823 2806 1894 2840 Alii
1940 2807 1985 2840 di-

355 2871 440 2903 cunt
475 2868 670 2913 dispersam
708 2879 771 2912 per
805 2867 923 2911 ampla
963 2867 1056 2901 aeris
1090 2867 1206 2911 spatia
1233 2867 1304 2900 vim
1330 2866 1471 2900 lucendi
1498 2868 1533 2899 et
1560 2865 1779 2899 illuminandi
1808 2866 1988 2906 amisisse3

355 2939 543 2972 superesse
568 2929 689 2961 tamen
722 2927 837 2961 adhuc
863 2926 1035 2970 quasdam
1062 2928 1188 2960 tenues
1215 2925 1395 2970 reliquias,
1432 2937 1522 2969 quae
1552 2925 1586 2959 in
1613 2925 1747 2959 ambitu
1774 2925 1989 2958 firmamenti

356 2986 571 3020 intrinsecus
606 2986 674 3020 huc
709 2985 863 3030 illucque
900 2985 1050 3029 sparsim
1079 2984 1286 3028 diligentius
1312 2984 1534 3018 intuentibus
1561 2986 1662 3017 nocte
1684 2984 1988 3024 demonstrentur;

357 3045 413 3080 die
446 3057 531 3079 vero
569 3057 630 3081 eas
656 3045 789 3080 maiore
815 3056 859 3079 ne
885 3044 999 3079 videri
1025 3045 1179 3086 valeant,
1207 3044 1295 3078 solis
1327 3043 1492 3078 claritate
1519 3043 1698 3078 abscondi.
1748 3043 1794 3077 cf.
1839 3044 1892 3076 De
1928 3044 1989 3086 (ey.

355 3110 428 3139 nat.
456 3110 486 3138 et
510 3107 635 3149 script.
663 3104 743 3146 (PL.
774 3105 850 3145 176,
881 3105 922 3138 19
951 3106 982 3138 Β
1007 3106 1057 3145 C.)
