2106 3453
353 211 399 245 32
411 211 427 231 '³¹‘
953 212 1159 247 Sententiae
1187 212 1398 247 divinitatis.

354 315 529 368 aliquid,
563 317 711 357 nostra
752 315 919 356 videtur
952 316 1177 357 infirmitas
1205 317 1365 369 aliquid
1395 317 1545 367 facere,
1581 318 1783 369 quoniam
1819 318 1850 358 si
1885 319 1987 359 nihil

354 393 524 442 faceret,
559 404 645 432 non
679 391 909 433 diceretur:
946 392 1164 443 ,adiuvatg
1199 392 1295 433 sed:
1331 395 1482 443 ,totum
1521 388 1645 435 facit‘.

496 467 616 518 Item,
661 467 694 508 si
736 467 867 508 homo
913 481 997 509 non
1042 468 1173 509 habet
1217 468 1398 510 liberum
1442 469 1681 520 arbitrium,
1726 483 1804 511 nec
1846 473 1989 523 potest

352 545 513 585 bonum
549 557 599 585 ex
632 544 830 585 libertate
863 544 1039 594 arbitrii,
1086 557 1164 597 pro
1198 545 1328 585 nihilo
1373 545 1634 597 praecipitur
1677 546 1838 586 homini
1881 546 1988 587 bene

298 636 314 661 5
353 620 535 672 operari,
570 622 612 661 et
643 620 678 660 si
712 620 820 661 bene
854 633 939 661 non
973 622 1188 672 operatur,
1225 633 1309 661 non
1345 621 1396 670 ei,
1431 621 1503 662 sed
1535 622 1622 662 Deo
1658 622 1826 663 videtur
1858 623 1989 664 ascri-

352 696 565 744 benduni;
614 709 664 737 ex
709 709 754 736 se
806 696 919 736 enim
969 709 1055 736 non
1100 698 1258 748 potest,
1300 699 1340 737 et
1388 697 1498 738 Deus
1551 710 1637 738 non
1684 698 1758 738 dat
1803 698 1986 750 gratiam

352 772 573 825 operandi.
638 772 707 813 Sic
740 772 867 823 igitur
899 772 1054 813 iniuste
1086 772 1255 813 videtur
1287 773 1499 814 damnari.

493 848 660 900 Super
710 848 802 889 hac
858 848 1170 900 quaestione
1232 849 1423 889 diversi
1476 848 1683 891 diversa
1738 850 1988 891 sentiunt.

353 924 569 974 Quidam
604 924 734 965 enim
781 924 979 974 dicunt,
1023 924 1137 977 quod
1180 923 1312 965 habet
1356 924 1538 965 liberum
1584 925 1808 966 arbitrium
1855 928 1896 966 et
1938 939 1989 966 ex

300 1014 331 1038 10
352 1000 485 1041 libero
519 1000 696 1041 arbitrio
730 1001 839 1041 bene
859 1003 1001 1052 potest
1036 999 1218 1052 operari,
1247 1014 1341 1042 cum
1376 1000 1530 1053 quibus
1552 1002 1770 1043 extremae
1799 1002 1990 1043 sentiunt

352 1089 503 1117 omnes
536 1076 831 1119 auctoritates.

492 1152 615 1193 Prius
653 1152 853 1194 inductae
886 1154 986 1193 sunt
1018 1153 1077 1193 eis
1122 1153 1378 1203 contrariae,
1422 1166 1531 1205 quas
1573 1154 1615 1194 in
1657 1154 1769 1195 hunc
1809 1154 1987 1194 modum

352 1228 641 1269 determinare
675 1228 954 1278 contendunt,
998 1228 1201 1275 dicentes,
1237 1242 1386 1269 omnes
1422 1229 1514 1269 illas
1547 1230 1840 1279 auctoritates,
1875 1243 1988 1282 quae

353 1304 501 1344 dicunt
541 1304 762 1345 hominem
806 1318 856 1345 ex
897 1304 1031 1345 libero
1073 1305 1250 1346 arbitrio
1285 1318 1369 1346 non
1406 1318 1531 1358 posse
1564 1306 1675 1347 bene
1708 1306 1827 1356 velle,
1872 1306 1988 1359 loqui

298 1393 330 1418 15
351 1380 404 1421 de
437 1381 544 1421 velle
577 1381 738 1422 efficaci
778 1383 818 1421 et
860 1393 990 1433 opere
1035 1381 1151 1433 quod
1193 1382 1376 1423 salutem
1409 1382 1475 1422 vel
1509 1382 1683 1433 dignum
1726 1382 1865 1423 salute
1899 1382 1988 1423 effi-

352 1456 449 1498 ciat.
514 1456 606 1497 Hoc
649 1457 762 1498 enim
802 1457 1040 1498 secundum
1082 1470 1153 1498 eos
1198 1471 1284 1498 non
1318 1470 1368 1498 ex
1397 1457 1530 1498 libero
1564 1458 1754 1507 arbitrio,
1788 1459 1863 1499 sed
1896 1459 1987 1499 sola

352 1532 684 1585 superveniente
717 1533 855 1584 gratia
888 1535 1155 1585 praestatum
1201 1536 1242 1575 et
1275 1533 1335 1576 ita
1367 1547 1465 1575 cum
1498 1534 1628 1574 homo
1663 1547 1714 1575 ex
1746 1534 1879 1575 libero
1922 1547 1990 1575 ar-

351 1608 480 1648 bitrio
513 1609 648 1661 possit
676 1608 785 1665 bene
818 1609 926 1651 velle
960 1612 1001 1650 et
1034 1610 1217 1662 operari,
1254 1612 1294 1650 et
1329 1623 1411 1650 non
1448 1610 1539 1651 vult
1571 1610 1735 1651 bonum
1768 1624 1846 1651 nec
1888 1623 1990 1662 ope-

352 1687 486 1734 ratur,
521 1685 705 1726 abutens
738 1687 954 1738 potestate
987 1685 1066 1725 sibi
1099 1698 1317 1736 concessa,
1354 1686 1509 1727 merito
1543 1686 1818 1728 damnandus
1845 1688 1887 1727 et
1912 1700 1990 1739 pu-

299 1759 536 1801 2Jniendus
578 1761 756 1802 videtur.
821 1761 865 1802 Si
908 1761 1077 1802 dicatur
1122 1761 1230 1803 istis:
1274 1774 1373 1813 ergo
1412 1775 1498 1803 non
1541 1762 1631 1803 sola
1674 1762 1812 1813 gratia
1846 1762 1990 1813 habet,

355 1836 471 1888 quod
504 1836 614 1877 bene
647 1837 738 1877 vult
771 1840 813 1878 et
846 1840 1064 1889 operatur,
1094 1838 1245 1878 falsum
1282 1841 1359 1889 est,
1393 1838 1604 1891 inquiunt,
1648 1838 1852 1891 quoniam
1886 1838 1991 1879 libe-

354 1926 448 1953 rum
492 1912 715 1953 arbitrium
763 1914 901 1965 gratia
947 1916 1010 1954 est
1058 1916 1099 1954 et
1143 1914 1279 1965 gratia
1334 1915 1479 1964 datur3
1542 1918 1583 1955 et
1628 1915 1865 1955 secundum
1912 1915 1991 1956 hoc

354 1988 487 2029 libero
529 1989 706 2029 arbitrio
754 1989 863 2030 bene
906 1992 1048 2042 potest
1090 1990 1289 2042 adaptari
1333 1990 1525 2031 definitio
1562 1991 1650 2032 illa:
1698 1991 1771 2031 Est
1809 1991 1990 2032 liberum

354 2064 408 2105 de
441 2064 663 2106 voluntate
696 2065 915 2115 iudicium,
950 2066 1015 2105 vel
1049 2065 1274 2107 disceretio
1307 2066 1406 2107 boni
1443 2080 1539 2107 cum
1573 2067 1774 2108 facultate
1810 2067 1991 2108 faciendi

302 2153 337 2179 25
358 2143 399 2181 et
432 2141 486 2182 de
518 2141 737 2193 praesenti
770 2144 898 2183 statu.

495 2217 596 2257 Nos
641 2217 878 2267 dicimus,
920 2218 1036 2270 quod
1076 2221 1174 2270 post
1206 2221 1433 2270 peccatum
1466 2219 1674 2260 remansit
1706 2218 1885 2260 iiberum
1922 2232 1990 2260 ar-

352 2293 541 2342 bitrium,
576 2293 650 2334 sed
684 2306 760 2346 per
791 2296 1017 2346 peccatum
1052 2294 1109 2334 sic
1143 2294 1393 2346 depressum
1430 2297 1471 2336 et
1497 2295 1795 2347 depravatum,
1831 2297 1878 2335 ut
1911 2308 1989 2335 nec

353 2369 515 2409 bonum
550 2369 654 2410 velle
687 2382 765 2411 nec
802 2382 930 2422 posse
972 2370 1223 2411 habeamus
1288 2371 1449 2412 Omnes
1482 2371 1610 2421 igitur
1642 2371 1806 2423 primae
1839 2373 1988 2411 aucto-

354 2445 501 2486 ritates
547 2445 772 2486 nobiscum
818 2449 930 2496 sunt,
977 2449 1155 2498 excepta
1201 2446 1289 2487 illa:
1343 2446 1484 2487 Homo
1529 2447 1642 2488 male
1690 2449 1815 2488 utens
1857 2446 1990 2487 libero

301 2538 335 2563 30
355 2521 581 2569 arbitrio1;
625 2521 780 2562 dicitur
823 2522 1017 2564 amisisse
1056 2522 1234 2563 liberum
1271 2536 1335 2572 eo,
1382 2522 1499 2575 quod
1532 2523 1671 2575 ipsum
1706 2523 1884 2563 liberum
1923 2536 1990 2564 ar-

497 2665 517 2698 2
555 2667 671 2699 tutum
700 2668 741 2700 A.
877 2666 896 2699 3
936 2666 1085 2700 haberet
1100 2668 1142 2701 B.
1267 2671 1390 2710 posset
1416 2667 1458 2699 B.
1557 2666 1650 2700 5-—6
1687 2665 1816 2699 ascribi
1844 2665 1925 2698 dum
1949 2667 1990 2701 B.

355 2724 375 2757 6
396 2726 432 2758 et
458 2724 565 2767 Deus]
589 2726 624 2758 et
644 2737 708 2759 om.
725 2727 767 2761 B.
856 2726 874 2758 7
897 2731 978 2769 post.
998 2725 1109 2769 igitur
1130 2727 1211 2760 add.
1232 2727 1262 2759 B
1276 2736 1365 2759 eum.
1442 2725 1462 2758 9
1488 2724 1581 2758 enim
1603 2737 1666 2759 om.
1686 2726 1725 2760 Β.
1801 2723 1932 2758 habeat
1948 2726 1990 2758 Α.

358 2783 398 2818 10
425 2782 596 2826 sentiunt]
636 2783 773 2817 faciunt
794 2786 835 2820 B.
949 2785 991 2818 14
1016 2790 1095 2827 post
1134 2783 1224 2817 velle
1252 2784 1283 2816 B
1314 2786 1350 2817 <in
1379 2796 1491 2827 mco-y.
1525 2785 1607 2817 add.
1650 2785 1685 2817 et
1722 2783 1814 2817 velle
1841 2783 1989 2828 operari.

359 2842 400 2875 16
427 2841 502 2885 eos]
529 2842 581 2876 eis
596 2844 638 2877 A.
744 2843 788 2876 20
816 2855 860 2876 ex
888 2842 963 2877 sola
978 2844 1019 2878 B.
1117 2843 1162 2877 23
1189 2842 1299 2876 libero
1339 2842 1488 2878 arbitrio
1528 2854 1592 2877 om.
1614 2843 1658 2879 Β.
1780 2845 1835 2876 est
1860 2854 1924 2877 om.
1949 2845 1989 2876 Β.

355 2901 400 2934 24
423 2906 503 2944 post
532 2901 714 2935 voluntate
741 2903 823 2936 add.
849 2904 877 2935 A
899 2902 1018 2937 animi.
1117 2901 1160 2935 27
1188 2913 1250 2946 per
1276 2903 1460 2945 peccatum
1488 2913 1553 2935 om.
1584 2903 1615 2934 B
1653 2903 1755 2937 ut...
1796 2901 1991 2935 habeamus

355 2963 497 3004 scripsi,
509 2962 540 2994 A
552 2961 583 2993 Β
598 2972 661 2994 om.
677 2962 733 3001 ut3
755 2960 937 2995 habemus.
1006 2960 1050 2994 28
1065 2960 1157 2994 velle
1172 2973 1236 2996 om.
1248 2963 1290 2995 Α.
1365 2961 1409 2993 29
1424 2962 1508 2994 sunt
1522 2972 1586 2995 om.
1599 2962 1637 2994 B.
1708 2960 1752 2994 30
1767 2960 1935 2994 amissum
1950 2962 1989 2994 B.

503 3081 509 3097 ¹
537 3081 582 3117 of.
611 3092 643 3125 p.
671 3081 756 3124 30ss
786 3083 816 3116 τ.
