<?xml version="1.0" encoding="UTF-8"?>
<!DOCTYPE html PUBLIC "-//W3C//DTD XHTML 1.0 Transitional//EN"
    "http://www.w3.org/TR/xhtml1/DTD/xhtml1-transitional.dtd">
<html xmlns="http://www.w3.org/1999/xhtml" xml:lang="en" lang="en">
 <head>
  <title>
</title>
<meta http-equiv="Content-Type" content="text/html;charset=utf-8" />
  <meta name='ocr-system' content='tesseract 3.04.00' />
  <meta name='ocr-capabilities' content='ocr_page ocr_carea ocr_par ocr_line ocrx_word'/>
</head>
<body>
  <div class='ocr_page' id='page_1' title='image "./diesententiaediv00geye_0278.png"; bbox 0 0 2106 3453; ppageno 0'>
   <div class='ocr_carea' id='block_1_1' title="bbox 880 823 1400 914">
    <p class='ocr_par' dir='ltr' id='par_1_1' title="bbox 880 823 1400 914">
     <span class='ocr_line' id='line_1_1' title="bbox 880 823 1400 914; baseline 0.002 -22"><span class='ocrx_word' id='word_1_1' title='bbox 880 823 1247 914; x_wconf 82' lang='lat' dir='ltr'><strong>Anhang</strong></span> <span class='ocrx_word' id='word_1_2' title='bbox 1295 824 1400 893; x_wconf 95' lang='lat' dir='ltr'><strong>II.</strong></span> 
     </span>
    </p>
   </div>
   <div class='ocr_carea' id='block_1_2' title="bbox 368 1046 1916 1099">
    <p class='ocr_par' dir='ltr' id='par_1_2' title="bbox 368 1046 1916 1099">
     <span class='ocr_line' id='line_1_2' title="bbox 368 1046 1916 1099; baseline 0.002 -3"><span class='ocrx_word' id='word_1_3' title='bbox 368 1047 897 1097; x_wconf 74' lang='lat' dir='ltr'><strong>Inhaltsfibersicht</strong></span> <span class='ocrx_word' id='word_1_4' title='bbox 935 1064 1008 1097; x_wconf 86' lang='lat' dir='ltr'><strong>zu</strong></span> <span class='ocrx_word' id='word_1_5' title='bbox 1048 1048 1158 1098; x_wconf 92' lang='lat' dir='ltr'><strong>den</strong></span> <span class='ocrx_word' id='word_1_6' title='bbox 1197 1046 1542 1099; x_wconf 80' lang='lat' dir='ltr'><strong>Sententiae</strong></span> <span class='ocrx_word' id='word_1_7' title='bbox 1582 1048 1916 1099; x_wconf 64' lang='lat' dir='ltr'><strong>divinitatis</strong></span> 
     </span>
    </p>
   </div>
   <div class='ocr_carea' id='block_1_3' title="bbox 308 1135 1971 1857">
    <p class='ocr_par' dir='ltr' id='par_1_3' title="bbox 308 1135 1971 1857">
     <span class='ocr_line' id='line_1_3' title="bbox 654 1135 1969 1164; baseline 0.009 -12"><span class='ocrx_word' id='word_1_8' title='bbox 654 1149 657 1152; x_wconf 90' lang='lat'><strong>.</strong></span> <span class='ocrx_word' id='word_1_9' title='bbox 1876 1135 1969 1164; x_wconf 77' lang='lat' dir='ltr'><strong>Seite</strong></span> 
     </span>
     <span class='ocr_line' id='line_1_4' title="bbox 308 1183 1970 1237; baseline 0.001 -13"><span class='ocrx_word' id='word_1_10' title='bbox 308 1183 516 1237; x_wconf 76' lang='lat' dir='ltr'><strong>Prologus</strong></span> <span class='ocrx_word' id='word_1_11' title='bbox 552 1216 1820 1226; x_wconf 85' lang='grc'><strong>..................</strong></span> <span class='ocrx_word' id='word_1_12' title='bbox 1918 1187 1970 1225; x_wconf 86' lang='grc'><strong>1*</strong></span> 
     </span>
     <span class='ocr_line' id='line_1_5' title="bbox 309 1271 1165 1315; baseline 0 -2"><span class='ocrx_word' id='word_1_13' title='bbox 309 1271 539 1313; x_wconf 83' lang='lat' dir='ltr'><strong>Tractatus</strong></span> <span class='ocrx_word' id='word_1_14' title='bbox 569 1272 602 1313; x_wconf 92' lang='lat' dir='ltr'><strong>I.</strong></span> <span class='ocrx_word' id='word_1_15' title='bbox 665 1273 723 1314; x_wconf 88' lang='lat' dir='ltr'><strong>De</strong></span> <span class='ocrx_word' id='word_1_16' title='bbox 756 1273 973 1315; x_wconf 76' lang='lat' dir='ltr'><strong>creatione</strong></span> <span class='ocrx_word' id='word_1_17' title='bbox 1007 1273 1165 1314; x_wconf 86' lang='grc'>1111111111.</span> 
     </span>
     <span class='ocr_line' id='line_1_6' title="bbox 384 1350 943 1391; baseline 0.004 -3"><span class='ocrx_word' id='word_1_18' title='bbox 384 1350 415 1389; x_wconf 92' lang='grc' dir='ltr'><strong>Ι.</strong></span> <span class='ocrx_word' id='word_1_19' title='bbox 453 1351 510 1389; x_wconf 90' lang='lat' dir='ltr'><strong>De</strong></span> <span class='ocrx_word' id='word_1_20' title='bbox 545 1363 684 1389; x_wconf 88' lang='lat' dir='ltr'><strong>rerum</strong></span> <span class='ocrx_word' id='word_1_21' title='bbox 718 1351 943 1391; x_wconf 84' lang='lat' dir='ltr'><strong>creatione.</strong></span> 
     </span>
     <span class='ocr_line' id='line_1_7' title="bbox 431 1420 1819 1472; baseline 0.001 -13"><span class='ocrx_word' id='word_1_22' title='bbox 431 1422 464 1460; x_wconf 89' lang='lat'><strong>1.</strong></span> <span class='ocrx_word' id='word_1_23' title='bbox 500 1420 638 1468; x_wconf 87' lang='lat' dir='ltr'><strong>Quare</strong></span> <span class='ocrx_word' id='word_1_24' title='bbox 685 1422 812 1467; x_wconf 85' lang='lat' dir='ltr'><strong>Deus,</strong></span> <span class='ocrx_word' id='word_1_25' title='bbox 860 1435 952 1460; x_wconf 80' lang='lat' dir='ltr'><strong>cum</strong></span> <span class='ocrx_word' id='word_1_26' title='bbox 997 1422 1154 1460; x_wconf 88' lang='lat' dir='ltr'><strong>nullius</strong></span> <span class='ocrx_word' id='word_1_27' title='bbox 1198 1422 1406 1472; x_wconf 74' lang='lat' dir='ltr'><strong>indigeret</strong></span> <span class='ocrx_word' id='word_1_28' title='bbox 1451 1424 1493 1461; x_wconf 86' lang='lat' dir='ltr'><strong>et</strong></span> <span class='ocrx_word' id='word_1_29' title='bbox 1540 1422 1819 1461; x_wconf 81' lang='lat' dir='ltr'>omnimodam</span> 
     </span>
     <span class='ocr_line' id='line_1_8' title="bbox 496 1485 1970 1535; baseline 0.002 -11"><span class='ocrx_word' id='word_1_30' title='bbox 496 1485 797 1525; x_wconf 70' lang='lat' dir='ltr'><strong>beatitudinem</strong></span> <span class='ocrx_word' id='word_1_31' title='bbox 832 1486 1021 1535; x_wconf 78' lang='lat' dir='ltr'><strong>liaberet,</strong></span> <span class='ocrx_word' id='word_1_32' title='bbox 1055 1487 1163 1525; x_wconf 86' lang='lat' dir='ltr'><strong>hunc</strong></span> <span class='ocrx_word' id='word_1_33' title='bbox 1193 1487 1392 1525; x_wconf 87' lang='lat' dir='ltr'><strong>mundum</strong></span> <span class='ocrx_word' id='word_1_34' title='bbox 1422 1487 1628 1526; x_wconf 84' lang='lat' dir='ltr'><strong>creaverit</strong></span> <span class='ocrx_word' id='word_1_35' title='bbox 1664 1518 1671 1526; x_wconf 94' lang='lat'><strong>.</strong></span> <span class='ocrx_word' id='word_1_36' title='bbox 1737 1519 1745 1526; x_wconf 95' lang='lat'><strong>.</strong></span> <span class='ocrx_word' id='word_1_37' title='bbox 1811 1519 1818 1526; x_wconf 92' lang='lat'><strong>.</strong></span> <span class='ocrx_word' id='word_1_38' title='bbox 1914 1486 1970 1527; x_wconf 79' lang='lat'><strong>8*</strong></span> 
     </span>
     <span class='ocr_line' id='line_1_9' title="bbox 424 1550 1971 1602; baseline 0.002 -13"><span class='ocrx_word' id='word_1_39' title='bbox 424 1550 464 1589; x_wconf 62' lang='lat'><strong>⁶2.</strong></span> <span class='ocrx_word' id='word_1_40' title='bbox 499 1550 737 1598; x_wconf 74' lang='lat' dir='ltr'><strong>Quaeritur,</strong></span> <span class='ocrx_word' id='word_1_41' title='bbox 772 1551 870 1602; x_wconf 89' lang='lat' dir='ltr'><strong>quid</strong></span> <span class='ocrx_word' id='word_1_42' title='bbox 907 1552 960 1590; x_wconf 89' lang='lat' dir='ltr'><strong>sit</strong></span> <span class='ocrx_word' id='word_1_43' title='bbox 993 1551 1175 1590; x_wconf 86' lang='lat' dir='ltr'><strong>mundus</strong></span> <span class='ocrx_word' id='word_1_44' title='bbox 1219 1583 1819 1591; x_wconf 78' lang='lat'><strong>.........</strong></span> <span class='ocrx_word' id='word_1_45' title='bbox 1916 1551 1971 1592; x_wconf 80' lang='grc'><strong>8*</strong></span> 
     </span>
     <span class='ocr_line' id='line_1_10' title="bbox 426 1614 1821 1668; baseline 0.001 -14"><span class='ocrx_word' id='word_1_46' title='bbox 426 1614 465 1655; x_wconf 79' lang='lat'><strong>3.</strong></span> <span class='ocrx_word' id='word_1_47' title='bbox 500 1615 738 1663; x_wconf 76' lang='lat' dir='ltr'><strong>Quaeritur,</strong></span> <span class='ocrx_word' id='word_1_48' title='bbox 773 1616 808 1654; x_wconf 89' lang='lat' dir='ltr'><strong>si</strong></span> <span class='ocrx_word' id='word_1_49' title='bbox 842 1616 979 1654; x_wconf 87' lang='lat' dir='ltr'><strong>omnia</strong></span> <span class='ocrx_word' id='word_1_50' title='bbox 1007 1616 1131 1655; x_wconf 91' lang='lat' dir='ltr'><strong>simul</strong></span> <span class='ocrx_word' id='word_1_51' title='bbox 1159 1629 1208 1655; x_wconf 82' lang='lat' dir='ltr'><strong>an</strong></span> <span class='ocrx_word' id='word_1_52' title='bbox 1237 1629 1312 1667; x_wconf 82' lang='lat' dir='ltr'><strong>per</strong></span> <span class='ocrx_word' id='word_1_53' title='bbox 1338 1616 1560 1655; x_wconf 87' lang='lat' dir='ltr'><strong>intervalla</strong></span> <span class='ocrx_word' id='word_1_54' title='bbox 1587 1619 1821 1668; x_wconf 87' lang='lat' dir='ltr'><strong>temporum</strong></span> 
     </span>
     <span class='ocr_line' id='line_1_11' title="bbox 498 1681 1970 1722; baseline 0.002 -3"><span class='ocrx_word' id='word_1_55' title='bbox 498 1694 589 1719; x_wconf 74' lang='lat' dir='ltr'><strong>crea</strong></span> <span class='ocrx_word' id='word_1_56' title='bbox 598 1681 704 1720; x_wconf 85' lang='lat' dir='ltr'><strong>verit</strong></span> <span class='ocrx_word' id='word_1_57' title='bbox 777 1713 1820 1721; x_wconf 91' lang='grc'><strong>...............</strong></span> <span class='ocrx_word' id='word_1_58' title='bbox 1914 1681 1939 1722; x_wconf 83' lang='grc'>9</span> <span class='ocrx_word' id='word_1_59' title='bbox 1951 1683 1970 1705; x_wconf 82' lang='grc'>*</span> 
     </span>
     <span class='ocr_line' id='line_1_12' title="bbox 427 1745 1971 1797; baseline 0.001 -13"><span class='ocrx_word' id='word_1_60' title='bbox 427 1745 468 1785; x_wconf 81' lang='lat'><strong>4.</strong></span> <span class='ocrx_word' id='word_1_61' title='bbox 504 1745 742 1792; x_wconf 75' lang='lat' dir='ltr'><strong>Quaeritur,</strong></span> <span class='ocrx_word' id='word_1_62' title='bbox 778 1746 945 1796; x_wconf 86' lang='lat' dir='ltr'><strong>quando</strong></span> <span class='ocrx_word' id='word_1_63' title='bbox 974 1748 1015 1785; x_wconf 90' lang='lat' dir='ltr'><strong>et</strong></span> <span class='ocrx_word' id='word_1_64' title='bbox 1047 1746 1117 1785; x_wconf 83' lang='lat' dir='ltr'><strong>ubi</strong></span> <span class='ocrx_word' id='word_1_65' title='bbox 1151 1748 1192 1786; x_wconf 90' lang='lat' dir='ltr'><strong>et</strong></span> <span class='ocrx_word' id='word_1_66' title='bbox 1224 1746 1362 1797; x_wconf 84' lang='lat' dir='ltr'><strong>qualis</strong></span> <span class='ocrx_word' id='word_1_67' title='bbox 1394 1746 1572 1785; x_wconf 87' lang='lat' dir='ltr'><strong>materia</strong></span> <span class='ocrx_word' id='word_1_68' title='bbox 1598 1749 1739 1786; x_wconf 80' lang='lat' dir='ltr'><strong>creata</strong></span> <span class='ocrx_word' id='word_1_69' title='bbox 1766 1747 1821 1786; x_wconf 87' lang='lat' dir='ltr'><strong>sit</strong></span> <span class='ocrx_word' id='word_1_70' title='bbox 1888 1746 1971 1786; x_wconf 71' lang='lat'><strong>1⁴2*</strong></span> 
     </span>
     <span class='ocr_line' id='line_1_13' title="bbox 366 1817 1970 1857; baseline 0.001 -2"><span class='ocrx_word' id='word_1_71' title='bbox 366 1817 416 1856; x_wconf 86' lang='lat' dir='ltr'><strong>ll.</strong></span> <span class='ocrx_word' id='word_1_72' title='bbox 452 1817 511 1855; x_wconf 90' lang='lat' dir='ltr'><strong>De</strong></span> <span class='ocrx_word' id='word_1_73' title='bbox 546 1817 686 1855; x_wconf 87' lang='lat' dir='ltr'><strong>mnndi</strong></span> <span class='ocrx_word' id='word_1_74' title='bbox 723 1817 970 1855; x_wconf 77' lang='lat' dir='ltr'><strong>formatione</strong></span> <span class='ocrx_word' id='word_1_75' title='bbox 997 1848 1819 1857; x_wconf 79' lang='grc'><strong>............</strong></span> <span class='ocrx_word' id='word_1_76' title='bbox 1887 1817 1970 1857; x_wconf 81' lang='lat'><strong>13*</strong></span> 
     </span>
    </p>
   </div>
   <div class='ocr_carea' id='block_1_4' title="bbox 308 1903 1970 2032">
    <p class='ocr_par' dir='ltr' id='par_1_4' title="bbox 308 1903 1970 2032">
     <span class='ocr_line' id='line_1_14' title="bbox 308 1903 1970 1959; baseline 0 -15"><span class='ocrx_word' id='word_1_77' title='bbox 308 1903 536 1946; x_wconf 84' lang='lat' dir='ltr'><strong>Tractatus</strong></span> <span class='ocrx_word' id='word_1_78' title='bbox 567 1903 622 1944; x_wconf 87' lang='lat' dir='ltr'><strong>ll.</strong></span> <span class='ocrx_word' id='word_1_79' title='bbox 685 1904 744 1945; x_wconf 83' lang='lat' dir='ltr'><strong>De</strong></span> <span class='ocrx_word' id='word_1_80' title='bbox 765 1903 983 1945; x_wconf 73' lang='lat' dir='ltr'><strong>creatione</strong></span> <span class='ocrx_word' id='word_1_81' title='bbox 1005 1903 1128 1959; x_wconf 81' lang='lat' dir='ltr'><strong>primi</strong></span> <span class='ocrx_word' id='word_1_82' title='bbox 1150 1903 1331 1946; x_wconf 86' lang='lat' dir='ltr'><strong>hominis</strong></span> <span class='ocrx_word' id='word_1_83' title='bbox 1354 1904 1397 1945; x_wconf 86' lang='lat' dir='ltr'><strong>ct</strong></span> <span class='ocrx_word' id='word_1_84' title='bbox 1418 1903 1622 1946; x_wconf 79' lang='lat' dir='ltr'><strong>delibero</strong></span> <span class='ocrx_word' id='word_1_85' title='bbox 1642 1903 1824 1946; x_wconf 87' lang='lat' dir='ltr'><strong>arbitrio</strong></span> <span class='ocrx_word' id='word_1_86' title='bbox 1891 1904 1970 1944; x_wconf 74' lang='lat'><strong>18*</strong></span> 
     </span>
     <span class='ocr_line' id='line_1_15' title="bbox 381 1981 1822 2032; baseline 0 -12"><span class='ocrx_word' id='word_1_87' title='bbox 381 1982 411 2021; x_wconf 92' lang='lat' dir='ltr'><strong>I.</strong></span> <span class='ocrx_word' id='word_1_88' title='bbox 447 1981 664 2027; x_wconf 83' lang='lat' dir='ltr'><strong>Quomodo</strong></span> <span class='ocrx_word' id='word_1_89' title='bbox 707 1981 830 2020; x_wconf 88' lang='lat' dir='ltr'><strong>homo</strong></span> <span class='ocrx_word' id='word_1_90' title='bbox 873 1981 923 2019; x_wconf 87' lang='lat' dir='ltr'><strong>ad</strong></span> <span class='ocrx_word' id='word_1_91' title='bbox 967 1981 1191 2032; x_wconf 80' lang='lat' dir='ltr'><strong>imaginem</strong></span> <span class='ocrx_word' id='word_1_92' title='bbox 1241 1983 1282 2020; x_wconf 89' lang='lat' dir='ltr'><strong>et</strong></span> <span class='ocrx_word' id='word_1_93' title='bbox 1324 1981 1640 2020; x_wconf 86' lang='lat' dir='ltr'><strong>similitudinem</strong></span> <span class='ocrx_word' id='word_1_94' title='bbox 1686 1981 1822 2020; x_wconf 84' lang='lat' dir='ltr'><strong>factus</strong></span> 
     </span>
    </p>
   </div>
   <div class='ocr_carea' id='block_1_5' title="bbox 344 2046 1970 2238">
    <p class='ocr_par' dir='ltr' id='par_1_5' title="bbox 344 2046 1970 2238">
     <span class='ocr_line' id='line_1_16' title="bbox 446 2046 1970 2086; baseline 0.001 -2"><span class='ocrx_word' id='word_1_95' title='bbox 446 2046 523 2085; x_wconf 88' lang='lat' dir='ltr'><strong>Dei</strong></span> <span class='ocrx_word' id='word_1_96' title='bbox 557 2046 719 2085; x_wconf 80' lang='lat' dir='ltr'><strong>dicatur</strong></span> <span class='ocrx_word' id='word_1_97' title='bbox 775 2077 1819 2085; x_wconf 90' lang='grc'><strong>...............</strong></span> <span class='ocrx_word' id='word_1_98' title='bbox 1891 2046 1970 2086; x_wconf 84' lang='grc'><strong>19*</strong></span> 
     </span>
     <span class='ocr_line' id='line_1_17' title="bbox 364 2115 1970 2168; baseline -0.001 -12"><span class='ocrx_word' id='word_1_99' title='bbox 364 2118 413 2156; x_wconf 87' lang='grc' dir='ltr'><strong>ΙΙ.</strong></span> <span class='ocrx_word' id='word_1_100' title='bbox 452 2117 509 2155; x_wconf 87' lang='lat' dir='ltr'><strong>De</strong></span> <span class='ocrx_word' id='word_1_101' title='bbox 543 2119 654 2155; x_wconf 88' lang='lat' dir='ltr'><strong>statu</strong></span> <span class='ocrx_word' id='word_1_102' title='bbox 689 2116 897 2156; x_wconf 81' lang='lat' dir='ltr'><strong>libertatis</strong></span> <span class='ocrx_word' id='word_1_103' title='bbox 931 2119 1027 2155; x_wconf 84' lang='lat' dir='ltr'><strong>ante</strong></span> <span class='ocrx_word' id='word_1_104' title='bbox 1060 2119 1277 2168; x_wconf 77' lang='lat' dir='ltr'><strong>peccatum</strong></span> <span class='ocrx_word' id='word_1_105' title='bbox 1368 2147 1820 2156; x_wconf 85' lang='grc'><strong>.......</strong></span> <span class='ocrx_word' id='word_1_106' title='bbox 1885 2115 1970 2155; x_wconf 68' lang='lat'><strong>20*</strong></span> 
     </span>
     <span class='ocr_line' id='line_1_18' title="bbox 344 2186 1969 2238; baseline -0.001 -12"><span class='ocrx_word' id='word_1_107' title='bbox 344 2188 413 2227; x_wconf 92' lang='grc' dir='ltr'><strong>ΙΙΙ.</strong></span> <span class='ocrx_word' id='word_1_108' title='bbox 448 2188 508 2226; x_wconf 91' lang='lat' dir='ltr'><strong>De</strong></span> <span class='ocrx_word' id='word_1_109' title='bbox 542 2187 633 2226; x_wconf 90' lang='lat' dir='ltr'><strong>eins</strong></span> <span class='ocrx_word' id='word_1_110' title='bbox 666 2187 787 2238; x_wconf 87' lang='lat' dir='ltr'><strong>lapsu</strong></span> <span class='ocrx_word' id='word_1_111' title='bbox 848 2217 1820 2227; x_wconf 89' lang='grc'><strong>..............</strong></span> <span class='ocrx_word' id='word_1_112' title='bbox 1885 2186 1969 2226; x_wconf 79' lang='grc'><strong>28*</strong></span> 
     </span>
    </p>
   </div>
   <div class='ocr_carea' id='block_1_6' title="bbox 311 2274 1970 2403">
    <p class='ocr_par' dir='ltr' id='par_1_6' title="bbox 311 2274 1970 2403">
     <span class='ocr_line' id='line_1_19' title="bbox 311 2274 1225 2329; baseline -0.001 -12"><span class='ocrx_word' id='word_1_113' title='bbox 311 2275 538 2317; x_wconf 82' lang='lat' dir='ltr'><strong>Tractatus</strong></span> <span class='ocrx_word' id='word_1_114' title='bbox 570 2275 649 2316; x_wconf 92' lang='grc' dir='ltr'><strong>ΙΙΙ.</strong></span> <span class='ocrx_word' id='word_1_115' title='bbox 712 2275 771 2316; x_wconf 86' lang='lat' dir='ltr'><strong>Dc</strong></span> <span class='ocrx_word' id='word_1_116' title='bbox 803 2275 975 2329; x_wconf 80' lang='lat' dir='ltr'><strong>peccato</strong></span> <span class='ocrx_word' id='word_1_117' title='bbox 1007 2274 1225 2329; x_wconf 76' lang='lat' dir='ltr'><strong>originali.</strong></span> 
     </span>
     <span class='ocr_line' id='line_1_20' title="bbox 386 2352 1970 2403; baseline 0.001 -12"><span class='ocrx_word' id='word_1_118' title='bbox 386 2353 417 2391; x_wconf 91' lang='lat' dir='ltr'><strong>I.</strong></span> <span class='ocrx_word' id='word_1_119' title='bbox 453 2352 558 2399; x_wconf 89' lang='lat' dir='ltr'><strong>Quid</strong></span> <span class='ocrx_word' id='word_1_120' title='bbox 589 2352 716 2391; x_wconf 83' lang='lat' dir='ltr'><strong>distet</strong></span> <span class='ocrx_word' id='word_1_121' title='bbox 743 2352 851 2391; x_wconf 90' lang='lat' dir='ltr'><strong>inter</strong></span> <span class='ocrx_word' id='word_1_122' title='bbox 878 2355 1039 2391; x_wconf 85' lang='lat' dir='ltr'><strong>reatum</strong></span> <span class='ocrx_word' id='word_1_123' title='bbox 1069 2355 1109 2391; x_wconf 87' lang='lat' dir='ltr'><strong>et</strong></span> <span class='ocrx_word' id='word_1_124' title='bbox 1136 2355 1351 2403; x_wconf 82' lang='lat' dir='ltr'><strong>peccatum</strong></span> <span class='ocrx_word' id='word_1_125' title='bbox 1388 2354 1427 2391; x_wconf 85' lang='lat' dir='ltr'><strong>et</strong></span> <span class='ocrx_word' id='word_1_126' title='bbox 1460 2365 1635 2403; x_wconf 84' lang='lat' dir='ltr'><strong>poenam</strong></span> <span class='ocrx_word' id='word_1_127' title='bbox 1663 2353 1823 2403; x_wconf 84' lang='lat' dir='ltr'><strong>peccati</strong></span> <span class='ocrx_word' id='word_1_128' title='bbox 1886 2352 1970 2392; x_wconf 75' lang='lat'><strong>39*</strong></span> 
     </span>
    </p>
   </div>
   <div class='ocr_carea' id='block_1_7' title="bbox 346 2422 1969 2685">
    <p class='ocr_par' dir='ltr' id='par_1_7' title="bbox 346 2422 1969 2685">
     <span class='ocr_line' id='line_1_21' title="bbox 366 2422 1969 2474; baseline 0 -12"><span class='ocrx_word' id='word_1_129' title='bbox 366 2424 418 2462; x_wconf 93' lang='grc' dir='ltr'><strong>ΙΙ.</strong></span> <span class='ocrx_word' id='word_1_130' title='bbox 453 2424 513 2462; x_wconf 91' lang='lat' dir='ltr'><strong>De</strong></span> <span class='ocrx_word' id='word_1_131' title='bbox 546 2425 719 2474; x_wconf 75' lang='lat' dir='ltr'><strong>peccato</strong></span> <span class='ocrx_word' id='word_1_132' title='bbox 754 2423 947 2473; x_wconf 81' lang='lat' dir='ltr'><strong>originali</strong></span> <span class='ocrx_word' id='word_1_133' title='bbox 1003 2453 1820 2462; x_wconf 86' lang='grc'><em>............</em></span> <span class='ocrx_word' id='word_1_134' title='bbox 1883 2422 1969 2462; x_wconf 80' lang='lat'><strong>43*</strong></span> 
     </span>
     <span class='ocr_line' id='line_1_22' title="bbox 346 2493 1969 2533; baseline 0.001 -1"><span class='ocrx_word' id='word_1_135' title='bbox 346 2494 415 2533; x_wconf 87' lang='lat' dir='ltr'><strong>III.</strong></span> <span class='ocrx_word' id='word_1_136' title='bbox 453 2494 511 2532; x_wconf 88' lang='lat' dir='ltr'><strong>De</strong></span> <span class='ocrx_word' id='word_1_137' title='bbox 547 2493 682 2532; x_wconf 87' lang='lat' dir='ltr'><strong>modis</strong></span> <span class='ocrx_word' id='word_1_138' title='bbox 715 2493 1009 2532; x_wconf 78' lang='lat' dir='ltr'><strong>remissionum</strong></span> <span class='ocrx_word' id='word_1_139' title='bbox 1073 2524 1819 2532; x_wconf 91' lang='grc'><strong>...........</strong></span> <span class='ocrx_word' id='word_1_140' title='bbox 1884 2493 1969 2533; x_wconf 68' lang='lat'><strong>45*</strong></span> 
     </span>
     <span class='ocr_line' id='line_1_23' title="bbox 348 2563 1969 2615; baseline 0 -12"><span class='ocrx_word' id='word_1_141' title='bbox 348 2564 416 2603; x_wconf 86' lang='lat' dir='ltr'><strong>IV.</strong></span> <span class='ocrx_word' id='word_1_142' title='bbox 452 2563 669 2610; x_wconf 87' lang='lat' dir='ltr'><strong>Quomodo</strong></span> <span class='ocrx_word' id='word_1_143' title='bbox 703 2563 896 2603; x_wconf 88' lang='lat' dir='ltr'><strong>remissio</strong></span> <span class='ocrx_word' id='word_1_144' title='bbox 929 2564 1003 2603; x_wconf 88' lang='lat' dir='ltr'><strong>fiat</strong></span> <span class='ocrx_word' id='word_1_145' title='bbox 1035 2565 1073 2602; x_wconf 90' lang='lat' dir='ltr'><strong>in</strong></span> <span class='ocrx_word' id='word_1_146' title='bbox 1108 2563 1316 2615; x_wconf 85' lang='lat' dir='ltr'><strong>baptismo</strong></span> <span class='ocrx_word' id='word_1_147' title='bbox 1350 2566 1391 2602; x_wconf 90' lang='lat' dir='ltr'><strong>et</strong></span> <span class='ocrx_word' id='word_1_148' title='bbox 1424 2563 1578 2614; x_wconf 87' lang='lat' dir='ltr'><strong>quibus</strong></span> <span class='ocrx_word' id='word_1_149' title='bbox 1666 2595 1673 2602; x_wconf 95' lang='lat'><strong>.</strong></span> <span class='ocrx_word' id='word_1_150' title='bbox 1739 2594 1746 2602; x_wconf 92' lang='lat'><strong>.</strong></span> <span class='ocrx_word' id='word_1_151' title='bbox 1814 2595 1820 2603; x_wconf 94' lang='lat'><strong>.</strong></span> <span class='ocrx_word' id='word_1_152' title='bbox 1884 2563 1969 2604; x_wconf 70' lang='lat'><strong>47*</strong></span> 
     </span>
     <span class='ocr_line' id='line_1_24' title="bbox 368 2633 1969 2685; baseline 0 -12"><span class='ocrx_word' id='word_1_153' title='bbox 368 2634 417 2673; x_wconf 91' lang='lat' dir='ltr'><strong>V.</strong></span> <span class='ocrx_word' id='word_1_154' title='bbox 454 2634 600 2673; x_wconf 87' lang='lat' dir='ltr'><strong>Utrum</strong></span> <span class='ocrx_word' id='word_1_155' title='bbox 635 2636 852 2685; x_wconf 82' lang='lat' dir='ltr'><strong>peccatum</strong></span> <span class='ocrx_word' id='word_1_156' title='bbox 887 2634 941 2673; x_wconf 85' lang='lat' dir='ltr'><strong>sit</strong></span> <span class='ocrx_word' id='word_1_157' title='bbox 974 2634 1015 2673; x_wconf 90' lang='lat' dir='ltr'><strong>in</strong></span> <span class='ocrx_word' id='word_1_158' title='bbox 1047 2647 1178 2685; x_wconf 86' lang='lat' dir='ltr'><strong>puero</strong></span> <span class='ocrx_word' id='word_1_159' title='bbox 1222 2664 1820 2673; x_wconf 92' lang='grc'><strong>.........</strong></span> <span class='ocrx_word' id='word_1_160' title='bbox 1883 2633 1969 2673; x_wconf 69' lang='grc' dir='ltr'><strong>ᾧΟ*</strong></span> 
     </span>
    </p>
   </div>
   <div class='ocr_carea' id='block_1_8' title="bbox 308 2720 1425 2838">
    <p class='ocr_par' dir='ltr' id='par_1_8' title="bbox 308 2720 1425 2838">
     <span class='ocr_line' id='line_1_25' title="bbox 308 2720 1425 2763; baseline -0.001 -1"><span class='ocrx_word' id='word_1_161' title='bbox 308 2721 537 2763; x_wconf 85' lang='lat' dir='ltr'><strong>Tractatus</strong></span> <span class='ocrx_word' id='word_1_162' title='bbox 568 2720 642 2761; x_wconf 89' lang='lat' dir='ltr'><strong>IV.</strong></span> <span class='ocrx_word' id='word_1_163' title='bbox 705 2721 762 2762; x_wconf 89' lang='lat' dir='ltr'><strong>De</strong></span> <span class='ocrx_word' id='word_1_164' title='bbox 795 2721 1071 2763; x_wconf 77' lang='lat' dir='ltr'><strong>sacramentis</strong></span> <span class='ocrx_word' id='word_1_165' title='bbox 1104 2720 1425 2763; x_wconf 79' lang='lat' dir='ltr'><strong>incarnationis.</strong></span> 
     </span>
     <span class='ocr_line' id='line_1_26' title="bbox 386 2798 1262 2838; baseline 0 0"><span class='ocrx_word' id='word_1_166' title='bbox 386 2799 417 2838; x_wconf 91' lang='grc' dir='ltr'><strong>Ι.</strong></span> <span class='ocrx_word' id='word_1_167' title='bbox 450 2798 513 2838; x_wconf 88' lang='lat' dir='ltr'><strong>De</strong></span> <span class='ocrx_word' id='word_1_168' title='bbox 546 2799 698 2838; x_wconf 89' lang='lat' dir='ltr'><strong>unione</strong></span> <span class='ocrx_word' id='word_1_169' title='bbox 731 2801 974 2838; x_wconf 87' lang='lat' dir='ltr'><strong>naturarum</strong></span> <span class='ocrx_word' id='word_1_170' title='bbox 1009 2800 1049 2838; x_wconf 91' lang='lat' dir='ltr'><strong>in</strong></span> <span class='ocrx_word' id='word_1_171' title='bbox 1084 2799 1262 2838; x_wconf 84' lang='lat' dir='ltr'><strong>Christo.</strong></span> 
     </span>
    </p>
   </div>
   <div class='ocr_carea' id='block_1_9' title="bbox 426 2869 1968 3051">
    <p class='ocr_par' dir='ltr' id='par_1_9' title="bbox 426 2869 1968 3051">
     <span class='ocr_line' id='line_1_27' title="bbox 431 2869 1967 2921; baseline 0.001 -13"><span class='ocrx_word' id='word_1_172' title='bbox 431 2870 466 2909; x_wconf 83' lang='lat'><strong>1.</strong></span> <span class='ocrx_word' id='word_1_173' title='bbox 498 2869 605 2916; x_wconf 89' lang='lat' dir='ltr'><strong>Quid</strong></span> <span class='ocrx_word' id='word_1_174' title='bbox 640 2870 920 2921; x_wconf 85' lang='lat' dir='ltr'><strong>assumpserit</strong></span> <span class='ocrx_word' id='word_1_175' title='bbox 997 2900 1816 2910; x_wconf 89' lang='lat'><strong><em>............</em></strong></span> <span class='ocrx_word' id='word_1_176' title='bbox 1880 2869 1967 2909; x_wconf 74' lang='lat'><strong>52*</strong></span> 
     </span>
     <span class='ocr_line' id='line_1_28' title="bbox 426 2934 1968 2986; baseline 0 -12"><span class='ocrx_word' id='word_1_177' title='bbox 426 2934 465 2974; x_wconf 72' lang='grc'><strong>2.</strong></span> <span class='ocrx_word' id='word_1_178' title='bbox 499 2934 615 2981; x_wconf 87' lang='lat' dir='ltr'><strong>Quae</strong></span> <span class='ocrx_word' id='word_1_179' title='bbox 650 2935 734 2973; x_wconf 89' lang='lat' dir='ltr'><strong>sint</strong></span> <span class='ocrx_word' id='word_1_180' title='bbox 767 2937 987 2986; x_wconf 84' lang='lat' dir='ltr'><strong>assumpta</strong></span> <span class='ocrx_word' id='word_1_181' title='bbox 1071 2964 1818 2974; x_wconf 89' lang='grc'><strong>...........</strong></span> <span class='ocrx_word' id='word_1_182' title='bbox 1882 2934 1968 2974; x_wconf 78' lang='lat'><strong>54*</strong></span> 
     </span>
     <span class='ocr_line' id='line_1_29' title="bbox 429 2998 1968 3051; baseline 0.001 -13"><span class='ocrx_word' id='word_1_183' title='bbox 429 2998 469 3038; x_wconf 81' lang='grc'><strong>3.</strong></span> <span class='ocrx_word' id='word_1_184' title='bbox 502 2999 576 3038; x_wconf 79' lang='lat' dir='ltr'><strong>Cui</strong></span> <span class='ocrx_word' id='word_1_185' title='bbox 610 2999 726 3038; x_wconf 85' lang='lat' dir='ltr'><strong>unita</strong></span> <span class='ocrx_word' id='word_1_186' title='bbox 760 2999 843 3038; x_wconf 90' lang='lat' dir='ltr'><strong>sint</strong></span> <span class='ocrx_word' id='word_1_187' title='bbox 876 3013 983 3050; x_wconf 83' lang='lat' dir='ltr'><strong>quae</strong></span> <span class='ocrx_word' id='word_1_188' title='bbox 1016 3002 1234 3051; x_wconf 83' lang='lat' dir='ltr'><strong>assumpta</strong></span> <span class='ocrx_word' id='word_1_189' title='bbox 1268 3001 1366 3038; x_wconf 86' lang='lat' dir='ltr'><strong>sunt</strong></span> <span class='ocrx_word' id='word_1_190' title='bbox 1444 3030 1819 3039; x_wconf 89' lang='grc'><strong>......</strong></span> <span class='ocrx_word' id='word_1_191' title='bbox 1883 2999 1968 3039; x_wconf 75' lang='grc'><strong>60*</strong></span> 
     </span>
    </p>
   </div>
   <div class='ocr_carea' id='block_1_10' title="bbox 426 3063 1967 3181">
    <p class='ocr_par' dir='ltr' id='par_1_10' title="bbox 426 3063 1967 3181">
     <span class='ocr_line' id='line_1_30' title="bbox 426 3063 1967 3116; baseline 0 -13"><span class='ocrx_word' id='word_1_192' title='bbox 426 3063 467 3103; x_wconf 80' lang='grc'><strong>4.</strong></span> <span class='ocrx_word' id='word_1_193' title='bbox 503 3063 610 3110; x_wconf 90' lang='lat' dir='ltr'><strong>Quid</strong></span> <span class='ocrx_word' id='word_1_194' title='bbox 626 3065 1017 3103; x_wconf 82' lang='lat' dir='ltr'><strong>assumensi&#39;actum</strong></span> <span class='ocrx_word' id='word_1_195' title='bbox 1044 3063 1474 3116; x_wconf 82' lang='lat' dir='ltr'><strong>sitperliumanitatis</strong></span> <span class='ocrx_word' id='word_1_196' title='bbox 1490 3064 1820 3114; x_wconf 85' lang='lat' dir='ltr'><strong>assumptionem</strong></span> <span class='ocrx_word' id='word_1_197' title='bbox 1883 3063 1967 3103; x_wconf 71' lang='grc'><strong>65*</strong></span> 
     </span>
     <span class='ocr_line' id='line_1_31' title="bbox 426 3127 1967 3181; baseline 0.001 -13"><span class='ocrx_word' id='word_1_198' title='bbox 426 3127 467 3169; x_wconf 77' lang='lat'><strong>5.</strong></span> <span class='ocrx_word' id='word_1_199' title='bbox 500 3128 543 3168; x_wconf 85' lang='lat' dir='ltr'><strong>Si</strong></span> <span class='ocrx_word' id='word_1_200' title='bbox 578 3129 690 3168; x_wconf 87' lang='lat' dir='ltr'><strong>Deus</strong></span> <span class='ocrx_word' id='word_1_201' title='bbox 723 3129 845 3169; x_wconf 81' lang='lat' dir='ltr'><strong>honio</strong></span> <span class='ocrx_word' id='word_1_202' title='bbox 880 3129 963 3168; x_wconf 86' lang='lat' dir='ltr'><strong>sint</strong></span> <span class='ocrx_word' id='word_1_203' title='bbox 994 3132 1139 3181; x_wconf 85' lang='lat' dir='ltr'><strong>partes</strong></span> <span class='ocrx_word' id='word_1_204' title='bbox 1173 3130 1327 3170; x_wconf 88' lang='lat' dir='ltr'><strong>Christi</strong></span> <span class='ocrx_word' id='word_1_205' title='bbox 1367 3159 1819 3169; x_wconf 91' lang='lat'><strong>.......</strong></span> <span class='ocrx_word' id='word_1_206' title='bbox 1882 3128 1967 3169; x_wconf 73' lang='lat'><strong>67*</strong></span> 
     </span>
    </p>
   </div>
  </div>
 </body>
</html>
