2106 3453
307 993 337 1018 10

308 1376 340 1401 15

362 193 403 226 16
414 191 430 209 *
952 191 1157 227 Sententiae
1184 191 1394 227 divinitatis.

360 294 499 347 qualis
532 297 597 336 est
630 296 709 336 sub
742 295 880 348 aquis.
943 295 987 336 Si
1021 296 1254 348 quaeritur,
1290 309 1384 337 curn
1419 299 1680 349 occuparent
1720 299 1890 339 tantam
1932 297 1995 339 la-

361 371 602 421 titudinem,
656 372 875 424 quomodo
927 372 968 412 in
1013 374 1103 413 tam
1149 372 1267 413 brevi
1312 373 1405 413 loco
1449 373 1690 424 potuissent
1735 372 1990 424 constringi:

359 448 463 489 satis
496 448 637 500 potuit
668 447 774 498 fieri,
808 447 917 488 sicut
949 449 988 488 in
1024 448 1209 489 nubibus
1244 448 1452 498 videmus,
1486 460 1598 501 quae
1631 448 1824 490 elevatae
1851 451 1989 489 totum

360 528 502 564 aerem
539 526 765 575 occupant,
800 524 875 564 secl
908 526 1068 573 tamen,
1111 537 1207 565 cum
1236 508 1479 564 *densantur
1511 524 1551 564 in
1587 524 1790 576 pluviam,
1831 524 1994 565 brevis-

359 599 513 640 simam
559 601 699 641 terrae
750 599 1005 651 particulam
1047 602 1243 651 tangunt,
1288 603 1336 640 ut
1374 600 1417 640 in
1472 600 1625 641 vellere
1664 599 1803 650 lanae,
1850 602 1891 641 et
1936 600 1995 640 ita

360 675 435 716 Dei
470 675 581 717 facta
615 677 715 716 sunt
749 675 908 715 omnia.

502 751 553 792 Et
597 764 807 804 apparere
846 754 1083 803 coeperunt
1127 753 1255 801 terra,
1302 764 1429 803 aqua,
1471 755 1544 791 aer
1583 751 1662 792 sub
1704 750 1990 792 firmamento.

360 826 444 867 Sed
490 827 724 879 quaeritur,
771 839 844 868 cur
886 826 968 868 ista
1009 827 1108 876 duo,
1153 829 1266 867 terra
1301 829 1340 867 et
1374 832 1460 876 a'er,
1504 840 1590 867 non
1624 828 1901 868 mutaverunt
1932 827 1994 867 10-

360 915 469 952 cum,
506 904 547 943 et
580 905 721 944 cetera
754 916 946 944 seorsum
982 903 1122 954 posita
1174 905 1286 943 sunt.
1350 901 1477 952 Quod
1522 902 1617 942 ideo
1662 902 1876 944 credimus
1909 902 1996 944 fac-

358 981 466 1028 tum,
501 979 708 1031 quoniam
741 979 832 1019 sine
865 979 955 1019 istis
989 978 1173 1027 dUObUS,
1207 981 1321 1019 terra
1355 981 1396 1019 et
1429 983 1541 1028 aere,
1568 979 1711 1019 vivere
1738 991 1825 1019 non
1852 980 1995 1030 potest

359 1054 502 1104 homo,
551 1055 631 1095 nisi
675 1055 921 1107 praesentia
967 1054 1050 1095 sint
1094 1067 1264 1107 semper
1285 1056 1311 1096 1.
1375 1054 1471 1096 Alia
1525 1057 1802 1096 mutaverunt
1852 1055 1994 1095 locum

359 1143 458 1170 cum
492 1131 676 1183 propriis
710 1130 983 1183 temporibus·
1011 1131 1184 1172 statutis
1217 1143 1441 1172 accessura
1474 1133 1516 1172 et
1547 1144 1781 1172 recessura.

503 1207 577 1247 His
611 1207 669 1248 ita
703 1207 961 1248 ordinatis
985 1207 1121 1247 tribus
1145 1207 1294 1247 diebus
1328 1206 1686 1259 praecedentibus
1708 1206 1914 1248 ornavit
1946 1219 1994 1247 ea

361 1283 474 1324 Deus
507 1283 645 1323 tribus
681 1283 973 1334 sequentibus.

501 1359 553 1399 Et
584 1359 711 1411 prim
724 1372 803 1399 um
831 1358 872 1398 in
901 1359 1173 1399 firmamento
1201 1371 1366 1410 ponens
1403 1358 1488 1398 duo
1526 1358 1754 1399 luminaria
1788 1360 1828 1399 et
1858 1359 1997 1399 diver-

359 1436 416 1476 sis
460 1435 680 1475 stellarum
724 1435 953 1486 generibus
998 1435 1138 1486 ipsum
1181 1447 1393 1475 exornans
1413 1436 1439 1484 2,
1483 1434 1581 1474 fecit
1614 1447 1664 1474 ea
1696 1447 1783 1474 non
1817 1434 1871 1475 ad
1906 1434 1996 1474 eius

358 1510 722 1563 pulchritudinem
766 1512 950 1561 tantum,
993 1510 1068 1550 sed
1102 1511 1155 1551 ad
1189 1512 1383 1551 nostram
1416 1509 1660 1559 utilitatem,
1704 1523 1816 1562 quae
1862 1510 1996 1551 maxi-

359 1600 476 1628 mam
518 1586 680 1627 habent
720 1586 761 1626 in
804 1586 927 1626 terris
969 1586 1060 1627 istis
1102 1586 1350 1628 efficaciam.
1425 1585 1469 1626 Si
1509 1586 1604 1638 quis
1649 1586 1762 1627 enim
1800 1586 1991 1638 ipsarum

359 1677 530 1704 cursum
589 1665 743 1715 pensat
806 1664 970 1703 motum
1027 1665 1069 1704 et
1132 1663 1343 1712 effectum,
1393 1662 1662 1703 infirmitates
1707 1662 1994 1714 pestilentiae,

305 1754 320 1778 ε
359 1740 494 1780 fames
541 1742 582 1780 et
625 1742 921 1792 tempestates,
966 1739 1224 1789 exustiones,
1267 1752 1379 1791 quae
1419 1739 1632 1789 eveniunt,
1677 1751 1861 1791 quarum
1902 1739 1991 1790 ple-

359 1828 457 1856 nam
500 1815 803 1866 cognitionem,
850 1815 982 1867 siquis
1026 1815 1168 1865 babet,
1215 1815 1321 1855 haec
1365 1814 1510 1867 utique
1553 1814 1698 1856 omnia
1743 1814 1990 1867 praedicere

359 1892 513 1943 potest.
607 1890 709 1932 Tria
761 1893 860 1931 sunt
913 1891 1039 1940 enim,
1092 1890 1248 1943 quibus
1299 1903 1501 1942 magnam
1554 1890 1638 1931 vim
1690 1890 1807 1931 dedit
1860 1891 1993 1931 Deus:

360 1966 516 2016 herbis,
563 1969 609 2007 ut
660 1979 807 2007 earum
843 1967 1182 2007 confectionibus
1217 1968 1258 2007 et
1293 1966 1446 2007 virtute
1480 1966 1618 2007 morbi
1651 1966 1887 2018 pellantur;
1933 1966 1995 2006 la-

359 2043 543 2095 pidibus,
584 2045 631 2083 ut
672 2043 729 2083 ibi
773 2045 1018 2095 operentur,
1063 2043 1135 2083 ubi
1180 2056 1265 2083 non
1312 2045 1429 2091 sunt;
1483 2043 1558 2083 sed
1604 2042 1739 2083 multo
1785 2042 1995 2084 maiorem

306 2133 320 2157 2
359 2119 528 2160 stellisss.
590 2118 641 2159 Et
685 2119 926 2161 notandum
971 2122 1046 2169 est,
1095 2119 1211 2171 quod
1255 2119 1306 2159 de
1347 2124 1447 2160 aere
1479 2119 1691 2159 formatae
1725 2119 1809 2159 sint
1843 2130 1994 2159 omnes

502 2223 521 2256 2
550 2223 585 2256 in
617 2222 716 2256 brevi
752 2222 826 2256 loco
853 2224 927 2256 tam
956 2225 997 2256 A.
1109 2222 1202 2255 4—5
1229 2221 1477 2255 brevissimam
1500 2234 1564 2255 om.
1581 2224 1624 2255 Α.
1732 2221 1751 2254 6
1778 2220 1842 2254 Dei
1867 2233 1931 2256 om.
1953 2222 1995 2254 A.

360 2282 380 2315 8
401 2281 481 2325 Sed]
497 2282 526 2316 si
538 2284 579 2315 B.
641 2283 660 2315 9
683 2282 800 2326 posita
812 2285 929 2315 0111.Α.
992 2281 1032 2314 13
1055 2281 1233 2314 ordinavit
1248 2281 1355 2314 ctiam
1372 2280 1467 2314 Deus
1482 2282 1555 2314 tres
1571 2282 1762 2324 sequentes
1777 2280 1853 2313 dies
1863 2282 1893 2313 A
1908 2279 1997 2313 ordi-

359 2343 459 2374 navit
479 2353 520 2374 ea
535 2340 640 2374 Deus.
683 2340 835 2374 Ornavit
855 2352 896 2374 ea
916 2340 1011 2374 Dens
1031 2340 1146 2373 tribus
1166 2340 1399 2384 sequentibus
1414 2340 1453 2374 Β.
1555 2340 1595 2373 16
1623 2339 1710 2372 fecit
1723 2338 1778 2382 ea]
1801 2338 1893 2383 quod
1909 2338 1996 2372 fecit

360 2412 445 2435 non.
463 2428 468 2433 .
487 2426 494 2433 .
513 2402 551 2433 B.
613 2399 653 2433 18
674 2400 938 2443 maximamque
950 2400 1134 2433 terrestris
1146 2399 1342 2433 efficaciam
1356 2399 1436 2433 istis
1454 2401 1494 2432 B.
1545 2398 1575 2432 si
1597 2410 1661 2431 om.
1685 2400 1726 2433 B,
1800 2398 1840 2431 19
1868 2400 1996 2443 pensat

360 2461 476 2495 om.B.
563 2460 607 2493 20
635 2471 725 2503 quae
741 2472 804 2493 om.
825 2460 867 2493 B.
952 2459 993 2492 21
1023 2459 1140 2492 omnia
1155 2470 1219 2492 0111.
1237 2461 1278 2493 Α.
1366 2458 1409 2491 22
1437 2459 1558 2502 posset
1575 2459 1615 2491 Β.
1697 2457 1741 2491 23
1767 2457 1898 2491 herbae
1910 2459 1937 2490 A
1952 2457 1994 2498 B,

504 2562 514 2580 ¹
541 2562 680 2605 Hugo,
710 2564 838 2596 Aduor‘.
867 2563 952 2597 elne.
981 2573 1009 2596 c,
1037 2560 1113 2594 VH.
1145 2562 1191 2605 (p.
1218 2561 1262 2595 36
1279 2562 1339 2601 A):
1392 2560 1485 2594 Nota
1518 2560 1609 2604 quod
1644 2562 1740 2593 terra
1773 2562 1808 2593 et
1841 2564 1901 2593 a'e‘r
1927 2571 1995 2593 non

360 2623 589 2655 mutaverunt
626 2621 741 2665 priora
781 2621 869 2660 lova,
909 2620 1003 2654 sicut
1040 2620 1135 2663 ignis
1171 2623 1205 2653 et
1242 2631 1343 2663 aqua,
1384 2621 1573 2663 propterea
1609 2618 1691 2662 quia
1730 2620 1825 2652 terra
1852 2620 1888 2652 et
1914 2629 1995 2652 aere

360 2680 491 2724 ubique
518 2680 656 2724 indiget
681 2680 838 2713 humana
865 2681 1057 2714 natura...
1935 2665 1939 2670 ⁸

504 2739 516 2756 '²
541 2740 585 2775 cf.
615 2740 728 2773 Petr.
757 2738 893 2773 Lomb.
922 2740 1013 2772 Sent.
1042 2737 1063 2773 1,
1093 2738 1136 2771 lI.
1165 2737 1195 2773 d,
1228 2738 1278 2772 14.
1306 2748 1333 2771 c.
1363 2737 1394 2771 9.

504 2798 514 2815 '⁵
540 2798 680 2841 Hugo,
715 2800 842 2833 Adnot.
871 2799 956 2831 elne.
983 2809 1011 2832 c.
1041 2796 1116 2830 VH.
1152 2800 1195 2840 (p.
1225 2797 1269 2830 36
1302 2798 1349 2837 c):
1396 2796 1478 2829 Tria
1510 2796 1602 2829 enim
1637 2796 1747 2829 mirae
1781 2795 1926 2828 virtutis
1959 2796 1995 2828 et

361 2859 543 2893 efficaciae
588 2858 674 2891 fecit
722 2857 818 2891 Deus
866 2857 900 2890 in
948 2856 1132 2895 creaturis,
1181 2855 1321 2895 herbas,
1358 2855 1506 2899 lapides,
1534 2854 1669 2889 stellas.
1733 2854 1874 2888 Herbae
1901 2854 1992 2888 enim

360 2918 593 2960 frigefaciunt
614 2919 649 2950 et
670 2916 885 2950 calefaciunt
907 2918 942 2949 et
962 2917 1075 2948 totum
1099 2916 1231 2948 statum
1253 2914 1409 2959 corporis
1423 2916 1644 2958 permutant:
1674 2925 1778 2957 quam
1797 2913 1993 2957 potentiam

360 2987 380 3009 a
415 2975 564 3009 Domino
604 2975 640 3009 in
680 2975 860 3009 creatione
898 2976 1146 3019 susceperunt.
1197 2973 1349 3017 Lapides
1385 2973 1551 3006 similiter
1586 2974 1721 3006 statum
1748 2983 1931 3016 corporum
1959 2971 1993 3004 di

360 3045 463 3068 verso
500 3034 602 3068 modo
640 3036 855 3078 permutant.
907 3033 1039 3067 Stellae
1077 3032 1218 3076 quidem
1256 3044 1378 3066 omnes
1405 3034 1441 3065 et
1475 3032 1721 3076 principaliter
1756 3031 1922 3075 planetae
1959 3031 1993 3064 in

360 3093 567 3138 corporibus
594 3093 765 3127 subiectis
792 3104 875 3126 suos
902 3093 1035 3127 habent
1062 3092 1209 3127 effectus
1235 3091 1458 3136 permutandi
1486 3091 1664 3125 mediante
1691 3096 1793 3125 aere,
1813 3117 1841 3125 ..
