2106 3453
324 230 389 267 114
398 228 414 250 *
914 227 1119 265 Sententiae
1147 227 1358 265 divinitatis.

320 336 395 377 Dei
422 350 509 377 non
536 334 712 389 requirit
739 335 943 387 gemitum
976 335 1039 375 vel
1066 334 1285 387 planctum
1317 335 1358 375 in
1386 335 1631 387 baptismo‘.
1686 334 1770 376 Sed
1798 337 1954 377 notan—

320 412 420 452 dum
451 415 532 453 est:
566 412 663 454 Alia
688 411 953 464 paenitentia
982 411 1214 460 interior,
1244 411 1327 452 alia
1355 411 1593 452 exterior.
1639 411 1866 453 Interior
1891 413 1956 452 est

319 488 389 529 illa
419 501 531 540 quae
563 489 610 528 fit
642 489 683 528 in
716 487 1004 529 amaritudine
1031 487 1184 537 cordis,
1219 487 1275 527 de
1302 500 1387 539 qua
1415 487 1585 528 dicitur:
1622 487 1806 527 Scindite
1831 487 1955 527 corda

324 568 453 604 vestras
495 568 531 604 et
571 578 652 604 ‘non
696 565 931 604 vestimenta
972 567 1106 602 vestra
1152 563 1258 616 (Joel
1292 564 1330 615 2,
1361 562 1446 615 13),
1489 565 1530 604 et
1570 563 1691 604 alibi:
1747 563 1825 603 Cor
1863 576 1953 602 ccm-

284 653 299 677 5
320 640 464 679 tritum
497 642 574 680 etc.
617 639 702 693 (es.
738 641 806 690 50,
832 639 918 691 19).
984 637 1218 678 Exterior
1251 642 1314 679 est
1347 638 1416 678 illa
1450 651 1562 690 quae
1595 640 1765 679 constat
1798 638 1838 678 in
1872 638 1954 678 lar-

320 715 479 765 gitione
513 715 901 767 eleemosynarum,
936 714 978 754 in
1012 714 1174 764 vigiliis,
1209 713 1250 753 in
1280 714 1436 755 ieiunio
1470 716 1512 754 et
1539 714 1747 755 oratione.
1794 715 1955 755 Aucto-

319 791 423 832 ritas
462 791 533 831 illa
574 790 836 843 Apostoli,
882 802 994 842 quae
1034 790 1151 830 dicit:
1207 790 1324 830 Dona
1357 790 1437 830 Dei
1474 794 1509 830 et
1547 791 1699 830 vocatio
1737 794 1832 830 sinat.
1869 791 1956 831 sine

315 867 583 919 paenitentia,
618 867 678 907 ita
711 866 957 918 exponitur:
998 866 1073 918 lid
1113 868 1177 906 est
1219 866 1309 906 sine
1350 866 1591 906 mutatione
1631 866 1793 908 consilii
1836 869 1876 906 et
1909 868 2066 907 11197νο-

322 955 453 994 opera
488 942 576 993 Dei,
612 942 675 982 vel
710 942 823 982 dona
858 943 899 982 et
930 941 1116 990 vocatio,
1159 941 1316 982 scilicet
1351 942 1546 990 exterior,
1591 944 1692 982 sunt
1724 942 1814 982 sine
1852 955 1955 994 pae-

268 1030 298 1052 10
320 1017 500 1059 nitentia
534 1018 746 1058 exteriori.
807 1017 882 1058 Illa
916 1017 1151 1058 auctoritas
1184 1017 1243 1057 sic
1278 1017 1543 1069 intelligitur:
1580 1017 1726 1058 Gratia
1759 1018 1834 1058 Dei
1868 1031 1953 1058 non

319 1093 497 1145 requirit
536 1093 741 1143 gemitum
776 1093 841 1133 vel
883 1093 1119 1145 planetum,
1168 1092 1515 1134 subaudiendum
1555 1095 1636 1133 est:
1684 1093 1952 1135 exteriorem.

319 1169 363 1209 Si
406 1169 651 1221 opponitur,
699 1168 815 1220 quod
858 1168 1156 1208 indicebantur
1203 1168 1375 1219 triginta
1425 1169 1488 1209 vel
1534 1169 1820 1220 quadraginta
1865 1169 1955 1209 dies

318 1245 359 1284 in
395 1244 610 1297 primitiva
650 1244 841 1292 eeclesia,
886 1245 1140 1297 respondeO,
1185 1245 1301 1296 quod
1342 1245 1421 1285 hoc
1460 1245 1592 1286 fiebat
1632 1248 1810 1298 propter
1843 1246 1953 1287 deri-

318 1334 437 1361 sores
470 1324 512 1361 et
544 1321 641 1362 fiete
675 1321 928 1363 accedentes
962 1323 1003 1361 et
1037 1320 1151 1372 quod
1186 1334 1315 1361 causa
1348 1321 1452 1362 lucri
1485 1322 1731 1374 frequenter
1763 1322 1954 1374 baptiza-

267 1406 298 1430 15
318 1397 489 1447 bantur,
537 1397 692 1449 quibus
734 1410 821 1437 non
863 1397 1069 1449 proderat
1107 1397 1360 1449 baptismus.
1426 1397 1509 1438 Sed
1550 1398 1800 1450 opponitur:
1848 1397 1955 1438 Dicit

316 1473 684 1524 Augustinus1,
740 1473 855 1525 quod
896 1475 1020 1514 tanta
1062 1473 1195 1514 virtus
1240 1476 1304 1514 est
1352 1473 1569 1526 baptismi,
1621 1474 1737 1526 quod
1785 1474 1954 1515 etiamsi

318 1549 412 1601 quis
455 1549 644 1590 fraterno
689 1549 787 1589 odio
834 1549 1072 1598 accesserit,
1124 1562 1210 1589 non
1264 1549 1496 1601 impeditur
1546 1550 1684 1600 gratia
1734 1549 1951 1602 baptismi.

317 1624 672 1666 Subaudiendum
708 1627 788 1665 est:
824 1611 875 1664 Si'
901 1624 1015 1665 fictio
1049 1624 1101 1665 de
1134 1625 1261 1665 corde
1294 1625 1541 1673 reeesserit3
1584 1625 1649 1666 vel
1681 1627 1825 1677 potest
1857 1625 1951 1675 dici,

317 1701 435 1753 quod
468 1714 513 1742 se
545 1700 808 1741 retractavit.

263 1788 297 1813 ‘20
459 1777 583 1818 Item
629 1777 804 1829 quidam
858 1777 1073 1829 accipiunt
1123 1779 1441 1818 sacramentum
1488 1780 1528 1818 et
1573 1790 1658 1817 non
1706 1791 1808 1818 rem.
1885 1777 1953 1818 Sic

317 1866 467 1894 omnes
517 1853 587 1905 qui
628 1853 725 1894 fiete
758 1852 982 1902 accedunt,
1023 1853 1179 1905 quibus
1219 1866 1305 1893 non
1338 1853 1513 1905 prodest
1553 1853 1806 1905 baptismus.
1870 1853 1952 1893 Alii

316 1932 428 1979 sunt,
472 1929 545 1982 qui
578 1929 794 1981 accipiunt
826 1942 914 1969 rem
951 1931 993 1970 et
1025 1942 1110 1969 non
1146 1932 1481 1979 sacramentum,
1524 1932 1572 1969 ut
1610 1932 1834 1983 martyres,
1881 1929 1953 1982 qui

316 2008 416 2047 ante
449 2006 710 2057 baptismum
746 2005 998 2057 sanguinem
1027 2018 1151 2046 suum
1182 2005 1366 2046 fundunt
1392 2018 1469 2057 pro
1498 2005 1682 2056 Christo,
1716 2005 1769 2046 de
1796 2005 1953 2058 quibus

317 2082 640 2133 Augustinus
680 2081 789 2122 ait2':
838 2080 936 2131 ,Qui
976 2082 1168 2122 nondum
1201 2084 1378 2134 accepto
1413 2082 1583 2123 lavacro
1617 2082 1952 2133 regenerationis

263 2173 295 2197 ‘25
317 2172 394 2211 pro
428 2158 512 2199 fide
540 2157 698 2199 Christi
731 2158 988 2208 moriuntur,
1024 2160 1193 2199 tantum
1228 2158 1341 2198 valet
1375 2158 1433 2199 eis
1466 2158 1686 2209 sanguinis
1721 2158 1869 2198 effusio
1903 2171 1952 2199 ac

316 2235 349 2275 si
383 2234 498 2275 unda
532 2233 734 2286 baptismi
767 2233 1074 2274 abluerentur‘.
1137 2233 1218 2275 Sed
1249 2234 1499 2285 opponitur:
1539 2233 1633 2273 Nise?
1664 2234 1754 2288 quis
1785 2238 1953 2273 renatus

317 2312 396 2351 etc.
431 2310 543 2363 (Jolz.
572 2309 658 2362 HI,
679 2310 735 2363 5).
804 2309 886 2359 Qui
919 2309 1001 2350 hoc
1034 2309 1152 2359 dixit,
1186 2312 1339 2362 postea
1371 2309 1553 2350 addidit:
1595 2309 1676 2360 Qui
1708 2324 1769 2349 me
1800 2309 1951 2362 confes-

458 2448 477 2481 6
505 2450 541 2481 et
561 2447 720 2481 oratione
741 2449 777 2480 et
797 2447 938 2481 ieiuniis
965 2449 1006 2482 B.
1067 2448 1106 2480 17
1135 2446 1307 2490 fraterno]
1335 2458 1487 2491 superno
1510 2449 1535 2480 A
1556 2449 1597 2480 B.
1667 2447 1705 2480 18
1733 2447 1881 2498 sub-audi
1910 2450 1951 2482 A.

316 2506 463 2540 recessit
493 2509 533 2541 B.
644 2507 685 2540 21
709 2512 791 2550 post
818 2518 941 2540 omnes
968 2509 1049 2541 add.
1078 2508 1110 2540 B
1137 2506 1198 2540 illi.
1309 2506 1353 2539 26
1376 2512 1457 2549 post
1483 2507 1673 2550 opponitur
1702 2509 1784 2540 add.
1814 2509 1845 2539 Β
1871 2506 1952 2540 huic

316 2566 532 2600 auctoritati.
630 2568 845 2601 renatus...
875 2566 967 2600 dixit
994 2577 1059 2600 om.
1089 2567 1130 2599 B.

459 2684 470 2702 ¹
498 2684 619 2719 Grat.
647 2697 677 2721 c.
703 2687 759 2721 41.
788 2686 808 2728 ἓ
836 2685 867 2719 6.
895 2685 937 2718 de
965 2696 1061 2719 cons.
1089 2684 1120 2719 d.
1147 2685 1179 2719 4.

460 2743 472 2761 ²
498 2744 679 2788 August.
715 2747 766 2779 De
799 2746 938 2778 civitate
965 2746 1034 2778 Dee?
1059 2743 1081 2779 l.
1109 2743 1206 2777 XIII.
1234 2755 1261 2776 c.
1291 2744 1320 2777 7.
1359 2743 1441 2783 (PL.
1468 2744 1525 2783 41,
1553 2743 1651 2783 381):
1692 2743 1783 2777 Nam
1810 2744 1952 2787 quicun-

316 2815 383 2847 que
410 2803 518 2837 etiam
544 2815 612 2837 non
639 2806 807 2848 percepto
833 2802 1118 2847 regenerationis
1138 2802 1281 2836 lavacro
1308 2814 1369 2846 pro
1390 2802 1524 2836 Christi
1551 2803 1774 2836 confessione
1802 2803 1951 2836 moriun-

314 2864 381 2903 tur,
418 2864 556 2896 tantum
591 2863 643 2896 eis
685 2863 782 2897 valet
817 2863 860 2896 ad
897 2861 1111 2896 dimittenda
1147 2864 1305 2906 peccata,
1343 2863 1515 2906 quantum
1541 2862 1571 2895 si
1594 2861 1824 2895 abluerentur
1849 2873 1950 2896 sacro

315 2922 413 2955 fonte
448 2921 687 2965 baptismatis.
751 2921 816 2963 Qui
851 2921 943 2955 enim
980 2921 1085 2956 dixit:
1121 2922 1161 2954 Se?
1192 2924 1271 2964 quis
1308 2933 1377 2954 non
1411 2926 1557 2955 renatus
1588 2923 1702 2963 fecerit
1736 2933 1777 2954 ex
1803 2933 1895 2964 aqna
1922 2927 1951 2955 et

314 2982 456 3023 Spiritu
481 2986 611 3023 sancto,
647 2993 714 3014 non
742 2982 891 3014 intrabit
927 2983 964 3014 in
991 2992 1137 3023 reginum
1165 2981 1352 3013 caelorum.
1382 2981 1474 3019 (Joh.
1504 2983 1558 3024 10,
1581 2982 1634 3022 3):
1677 2980 1747 3014 alia
1773 2980 1950 3014 sententia

316 3039 405 3073 istos
432 3040 519 3073 feeit
554 3042 735 3084 exceptos,
762 3040 822 3073 ubi
848 3051 917 3073 non
944 3040 1063 3072 minus
1084 3038 1301 3082 generaliter
1328 3038 1434 3073 dixit:
1468 3041 1537 3080 Qui
1555 3052 1608 3072 me
1634 3041 1813 3082 confessus
1838 3041 1951 3082 fuerit

316 3110 432 3132 corum
461 3100 661 3132 hominibus
689 3100 755 3132 etc.
783 3100 923 3138 (Mami.
953 3102 1006 3142 10,
1029 3100 1099 3137 32).
