2106 3453
598 268 790 303 Tractatus
806 269 846 303 V.
900 268 950 302 De
977 267 1213 302 sacramentis
1643 268 1734 301 107*

103 374 317 427 ligendum
362 376 444 414 est:
493 372 658 413 visibile
697 373 863 424 signum
899 372 1121 413 invisibilis
1154 369 1336 423 gratiae:
1380 370 1419 410 in
1456 383 1505 410 eo
1540 370 1733 412 collatae.

95 451 146 491 Et
179 453 241 490 est
275 449 531 498 notandum,
566 449 682 501 quod
717 449 758 489 in
792 461 1056 501 unoquoque
1089 450 1361 488 sacramento
1395 447 1562 498 signum
1598 450 1661 488 est
1694 450 1736 488 et

96 528 322 568 secretum.
412 525 590 576 Signum
639 525 747 566 sicut
796 525 977 565 elevatio
1027 527 1068 565 et
1114 523 1325 576 depositio
1378 524 1417 564 in
1462 526 1734 565 sacramento

100 601 246 643 altaris
279 604 321 642 et
355 601 576 653 baptismi;
612 603 824 648 secretum
861 603 924 641 est
957 603 1232 653 peccatorum
1268 600 1474 641 remissio.

237 679 278 719 2.
313 678 363 718 Et
396 678 651 727 notandum,
695 678 795 730 quia
838 677 1007 718 tribus
1050 677 1109 718 de
1144 677 1310 718 causis
1345 677 1585 717 instituta
1618 679 1736 717 sunt

95 757 444 803 sacramenta,
485 757 701 806 propter
751 753 1122 803 eruditionem,
1173 753 1548 802 humilitatem,
1594 766 1735 793 exer-

96 831 409 872 citationem
432 831 458 872 ¹.
523 830 665 871 Homo
710 830 819 870 enim
869 830 921 871 de
966 830 1102 881 gloria
1147 831 1188 870 et
1232 829 1558 870 immortalitate
1593 829 1737 881 lapsus

96 910 159 948 est
192 920 270 959 pro
304 908 483 959 peccato
520 905 559 946 in
589 906 804 947 miseriam
834 908 875 946 et
903 905 1226 947 mortalitatem.
1290 906 1336 945 In
1366 907 1533 947 tantam
1560 906 1733 958 quidem

96 983 321 1024 stultitiam
357 982 541 1031 devenit,
590 984 635 1023 ut
681 994 759 1034 pro
794 981 883 1023 Deo
919 981 1082 1034 lapides
1116 984 1152 1022 et
1192 981 1304 1033 ligna
1338 982 1510 1022 coleret.
1578 982 1735 1022 Verum

96 1062 143 1100 ut
174 1060 229 1101 ad
262 1059 375 1099 illam
412 1059 662 1110 dignitatem
698 1060 739 1099 et
770 1058 965 1110 gloriam,
999 1058 1053 1100 ad
1089 1071 1217 1110 quani
1254 1058 1453 1099 conditus
1486 1058 1636 1107 suerat,
1669 1071 1735 1098 re-

98 1136 361 1185 stitueretur,
428 1136 530 1177 data
594 1138 694 1176 sunt
746 1135 828 1175 ista
881 1135 1019 1176 media
1068 1135 1182 1176 bona
1228 1135 1526 1184 ecclesiastica,
1579 1135 1738 1176 scilicet

96 1214 381 1254 sacramenta.
446 1211 492 1252 In
536 1211 600 1251 his
648 1211 761 1252 enim
807 1211 1013 1252 docemur
1058 1212 1110 1251 de
1153 1211 1241 1252 fide
1286 1214 1327 1252 et
1360 1224 1435 1263 spe
1470 1214 1509 1252 et
1543 1212 1735 1261 caritate,

97 1302 173 1342 per
206 1301 338 1340 quam
373 1287 565 1329 humana
599 1290 755 1328 natura
788 1290 1016 1339 reparatur
1049 1290 1089 1328 et
1122 1287 1385 1329 incessanter
1419 1287 1623 1328 eruditur.

239 1364 423 1417 Propter
466 1361 816 1405 humilitatem
863 1363 1141 1404 nihilominus
1180 1364 1374 1404 instituta
1418 1367 1530 1404 sunt.
1594 1364 1736 1405 Homo

103 1453 293 1493 namque
326 1453 402 1493 per
434 1440 680 1493 superbiam
717 1440 945 1489 ceciderat;
982 1440 1106 1481 discit
1132 1453 1207 1493 per
1234 1440 1520 1482 humilitatem
1549 1453 1736 1499 surgere.

98 1517 187 1558 Nisi
238 1517 349 1558 enim
401 1518 636 1569 peccasset,
684 1529 959 1569 nequaquam
1011 1517 1193 1558 salutern
1250 1517 1290 1557 in
1335 1516 1424 1557 istis
1466 1517 1737 1558 inferioribus

99 1596 339 1646 quaereret.
424 1593 605 1645 Oportet
648 1592 846 1645 equidem
892 1593 933 1633 in
977 1593 1054 1642 his,
1100 1593 1177 1634 etsi
1219 1606 1305 1633 non
1349 1593 1404 1633 ab
1446 1592 1511 1633 his
1552 1593 1736 1634 salutem

99 1682 320 1722 quaerere.
405 1669 525 1710 Adeo
579 1669 691 1709 enim
743 1669 995 1711 humiliatur
1040 1669 1185 1719 homo,
1235 1670 1350 1721 quod
1392 1670 1534 1710 nudus
1576 1683 1737 1721 aquam

105 1745 310 1798 baptismi
342 1744 487 1795 intrat,
522 1747 569 1785 ut
601 1745 831 1786 virtutibus
868 1747 905 1786 et
934 1745 1009 1786 Dei
1037 1745 1175 1798 gratia
1202 1746 1381 1786 vestitus
1407 1747 1543 1787 exeat.
1605 1745 1740 1786 Vetus

100 1822 244 1872 intrat,
278 1834 417 1862 novus
450 1821 548 1872 exit,
585 1821 701 1862 iuxta
734 1821 855 1863 illud:
891 1822 1013 1864 Hanc
1041 1822 1237 1876 hydriam
1272 1822 1404 1863 intrat
1431 1824 1553 1862 vetus
1581 1822 1736 1872 Adam,

100 1911 238 1939 novus
272 1897 358 1939 exit
391 1897 588 1939 eandem.

241 1974 424 2026 Propter
463 1974 893 2016 exercitationem
936 1988 1111 2027 quoque
1144 1975 1336 2015 instituta
1371 1977 1483 2015 sunt.
1548 1974 1739 2016 Noverat

101 2052 231 2101 Deus,
277 2051 391 2103 quod
436 2051 566 2091 horno
609 2051 700 2092 sine
742 2051 1048 2092 exercitatione
1089 2051 1233 2092 vivere
1274 2064 1361 2092 non
1403 2053 1567 2103 possen
1610 2064 1663 2092 ne
1696 2051 1736 2091 in

100 2140 238 2179 prava
272 2129 313 2168 et
346 2126 557 2168 damnosa
591 2127 897 2168 exercitatione
930 2127 1136 2177 studeret,
1177 2127 1310 2168 voluit
1350 2127 1636 2168 ecclesiastica
1669 2140 1737 2168 sa-

100 2205 322 2244 cramenta
365 2202 542 2253 institui,
586 2206 633 2244 ut
673 2205 813 2244 totum
859 2203 1047 2244 studium
1082 2204 1269 2245 hominis
1302 2204 1342 2244 in
1377 2203 1436 2244 eis
1469 2206 1511 2245 et
1543 2203 1654 2245 circa
1687 2217 1738 2245 ea

102 2279 428 2331 expenderetur.
493 2279 620 2320 Modo
676 2280 786 2320 enim
848 2280 1092 2332 baptizatur
1139 2280 1284 2330 homo,
1331 2280 1461 2321 modo
1507 2279 1738 2331 inungitur,

102 2355 232 2396 modo
270 2357 449 2407 peccata
483 2368 561 2395 sua
602 2356 842 2406 confitetur,
883 2369 996 2397 nunc
1036 2357 1227 2409 psalmos
1266 2358 1426 2406 cantat,
1472 2369 1586 2397 nunc
1627 2356 1738 2397 anti-

101 2431 283 2483 phonas,
324 2444 438 2471 nunc
480 2430 699 2481 lectiones,
740 2432 1029 2485 responsoria,
1076 2433 1251 2474 tandem
1294 2432 1368 2482 ,Te
1412 2432 1550 2473 Deum
1587 2432 1738 2474 lauda-

102 2510 226 2555 mus‘,
269 2509 317 2547 ut
357 2507 399 2547 in
443 2507 700 2549 aeternitate
742 2508 858 2550 socia
892 2508 1154 2550 exultatione
1200 2511 1424 2550 cantemus
1471 2521 1566 2549 cun]
1606 2521 1737 2560 ange-

102 2582 170 2624 lis:
207 2583 418 2632 ‚Sanctus,
453 2586 642 2634 sanctus,
676 2587 879 2627 sanctus‘.

244 2763 264 2797 2
292 2762 327 2796 in
354 2775 394 2797 eo
421 2775 559 2808 quoque
588 2766 628 2797 B.
720 2765 741 2798 4
767 2765 959 2810 secretum]
986 2767 1167 2809 signatum
1190 2768 1221 2799 Β
1244 2771 1365 2809 postea
1387 2777 1479 2799 corr.
1500 2767 1639 2799 tantum
1661 2778 1737 2810 pec-

103 2823 275 2857 catorum.
374 2823 394 2856 5
422 2824 457 2856 et
483 2823 677 2857 notandum
699 2836 763 2858 om.
781 2826 823 2859 B.
922 2826 942 2858 6
968 2831 1046 2869 post
1067 2825 1306 2858 humilitatem
1334 2826 1416 2858 add.
1434 2827 1461 2858 Α
1486 2826 1531 2860 et.
1634 2826 1670 2859 11
1688 2837 1737 2859 re-

103 2881 337 2916 stituerentur
366 2884 407 2917 A.
494 2882 536 2917 12
564 2885 600 2916 et
619 2885 696 2928 spe]
718 2885 754 2917 et
774 2896 839 2918 om.
854 2886 895 2919 Β.
985 2885 1025 2918 13
1046 2883 1244 2929 reparatur]
1266 2884 1466 2928 reperiatur
1494 2887 1535 2919 Α.
1614 2886 1655 2919 16
1682 2897 1738 2919 ne-

104 2952 281 2984 quaquam
307 2953 345 2975 se
374 2942 599 2976 inferioribus
625 2942 777 2977 salutern
806 2946 995 2987 quaereret
1023 2946 1061 2977 B.
1181 2943 1225 2977 22
1253 2945 1397 2987 propter
1424 2943 1572 2977 eandem
1599 2956 1737 2988 quoque

105 3010 221 3033 exerc.
250 3002 292 3034 A.
390 3001 434 3035 25
462 3000 525 3044 eis]
553 3013 595 3035 ea
622 3002 663 3036 Β.

249 3138 259 3154 ¹
287 3139 348 3173 SS.
376 3138 436 3178 IV,
467 3138 495 3172 1.
524 3139 603 3179 (117
627 3138 684 3184 C);
712 3139 851 3174 Lomb.
880 3141 972 3173 Sent.
1000 3140 1022 3175 l.
1050 3140 1110 3174 IV.
1139 3140 1170 3175 d.
1201 3140 1230 3174 1.
1258 3152 1286 3174 c.
1315 3141 1347 3174 5.

1760 1077 1791 1101 10

1762 1457 1792 1481 15

1758 1841 1792 1866 20

1757 2220 1792 2247 25

1757 2595 1792 2619 30
