2106 3453
336 236 381 280 20
932 238 1136 281 Sententiae
1164 239 1380 280 divinitatis.

337 350 441 391 huit.
508 348 633 399 Quod
667 350 700 391 si
732 350 1041 403 plenitudinem
1074 350 1292 392 humanae
1324 347 1505 391 naturae
1532 350 1731 404 suscepit,
1765 352 1866 393 tunc
1899 350 1972 393 de-

338 426 429 465 buit
461 439 588 477 posse
621 427 724 478 pati,
771 440 897 479 posse
930 427 1051 477 mori,
1098 428 1215 480 quod
1259 430 1323 467 est
1365 430 1514 468 contra
1553 441 1702 469 omnes
1742 429 1973 469 auctorita-

337 504 439 542 tes».
464 535 470 542 .
498 505 520 542 ,⁴
556 501 616 555 (S.
646 503 732 543 57*
764 503 806 543 Z.
837 503 895 556 5).

339 577 563 629 sprochen,
599 578 665 618 die
699 578 776 618 das
811 579 1028 630 Gegenteil
1061 592 1111 618 zu
1144 579 1358 620 beweisen
1391 579 1612 621 scheinen:
1658 580 1876 629 ,Divinitas
1909 584 1972 621 est

959 503 1012 543 Es
1052 503 1225 543 werden
1265 504 1380 543 dann
1418 504 1552 555 einige
1585 503 1866 544 Vaterstellen
1899 505 1977 545 be-

338 653 575 702 incarnata,
611 654 808 694 divinitas
841 654 956 694 venit
989 654 1045 694 ad
1077 667 1155 694 nos
1189 654 1379 702 calciata,
1414 655 1554 696 forma
1584 656 1659 696 Dei
1693 657 1855 709 accepit
1887 657 1972 697 for-

336 741 454 768 mam
501 729 637 770 001111.ί
713 729 837 770 Diese
883 729 1255 782 Schwierigkeiten
1307 731 1481 771 werden
1532 731 1665 775 durch
1717 733 1839 773 einen
1889 733 1972 773 fast

336 804 530 845 wortlich
564 818 641 845 aus
675 805 788 846 Gilb
801 808 877 846 ert
914 806 1283 846 iibernommenen
1316 806 1474 847 Passus
1508 807 1706 859 erledigt:
1752 808 1827 849 Die
1859 809 1970 849 Aus-

338 880 494 920 driicke
542 881 765 929 ,divinitas‘
813 881 900 921 und
941 881 1213 930 ,humanitas‘
1259 882 1435 922 wurden
1469 883 1633 923 sowohl
1666 896 1741 923 zur
1773 884 1970 924 Bezeich-

333 969 450 1007 nung
494 957 569 996 der
607 956 769 997 Person
814 956 876 996 als
922 957 1031 996 auch
1077 957 1151 997 der
1190 957 1328 997 Natur
1374 958 1631 1009 gebraucht;
1680 972 1781 999 man
1826 963 1970 1001 miisse

337 1032 471 1072 daher
504 1032 560 1071 im
594 1032 812 1072 einzelnen
844 1032 961 1072 Falle
993 1032 1145 1072 1111111οΓ
1178 1033 1376 1082 zusehen,
1421 1034 1462 1073 in
1501 1035 1706 1075 welchem
1741 1034 1871 1075 Sinne
1904 1036 1971 1076 die

335 1107 587 1148 Ausdrucke
620 1120 671 1147 zu
704 1108 891 1148 nehmen
924 1108 1065 1148 seien:

561 1189 623 1221 SD
651 1189 683 1221 S.
715 1190 774 1220 57²³
804 1190 839 1220 Z.
864 1192 917 1221 21.

383 1249 572 1280 ...Haec
606 1257 703 1288 vero,
739 1248 777 1279 id
811 1252 862 1279 est
895 1249 1071 1280 divinitas
1103 1253 1136 1280 et

335 1308 545 1339 humanitas
581 1310 799 1338 naturarum
836 1311 919 1339 sunt
964 1308 1131 1347 nomina,

334 1368 395 1398 sed
418 1367 493 1407 illa,
520 1367 559 1397 id
580 1369 630 1397 est
651 1367 759 1397 homo
785 1370 817 1397 et
838 1368 943 1408 Deus,
966 1368 1132 1406 quando-

335 1435 405 1465 que
449 1435 493 1456 ex
538 1426 723 1457 intellectu
768 1429 922 1457 naturae
964 1429 1132 1466 utraque,

335 1486 559 1524 quandoque
593 1485 747 1516 alterum
782 1494 849 1524 pro
875 1494 1043 1525 persona,
1081 1486 1131 1516 al-

333 1548 451 1576 terum
479 1554 546 1584 pro
573 1547 706 1575 natura
728 1545 967 1584 intelligenda
988 1554 1131 1584 ponun-

333 1608 402 1635 tur.
453 1603 630 1636 Similiter
655 1606 688 1634 et
714 1604 774 1635 hie
802 1604 979 1635 divinitas
1005 1606 1039 1635 et
1064 1604 1131 1634 hu-

334 1663 490 1694 manitas
512 1665 574 1694 aut
594 1665 792 1701 utrumque
819 1672 887 1702 pro
908 1662 1050 1694 naturis
1071 1666 1133 1693 aut

333 1726 532 1761 utrumque
571 1731 638 1761 pro
677 1722 842 1760 personis
882 1724 944 1752 aut
976 1722 1131 1752 alterum

334 1791 401 1821 pro
435 1790 602 1821 persona,
638 1781 793 1811 alterum
821 1790 888 1820 pro
915 1783 1048 1811 natura
1076 1781 1130 1811 di-

333 1840 439 1872 citur.
490 1840 581 1870 Nam
622 1849 704 1870 011111
745 1839 901 1871 dicitur:
942 1841 1036 1871 Deus
1076 1849 1129 1871 as-

332 1899 488 1938 sumpsit
526 1899 722 1939 1101111110111,
762 1901 815 1929 01;
857 1899 1040 1930 Divinitas
1076 1907 1129 1929 as-

333 1958 488 1998 sumpsit
526 1958 723 1998 hominem,
773 1966 817 1988 ex
859 1958 986 1988 eodem
1025 1967 1129 1989 sensu

334 2018 490 2049 dicimus
511 2018 590 2057 1100,
617 2019 651 2047 01
671 2017 722 2047 ibi
743 2016 861 2056 ,Deus‘
882 2020 915 2047 et
935 2017 994 2048 1110
1021 2017 1129 2057 ,divi-

332 2077 438 2108 nitas‘
490 2077 537 2107 ad
587 2076 866 2115 intelligendam
912 2085 1127 2115 personam;

333 2135 542 2176 ,hominem‘
577 2143 664 2165 vero
691 2137 724 2165 et
759 2135 1049 2175 ‚humanitatem‘
1084 2136 1129 2166 ad

332 2195 611 2235 intelligendam
639 2196 821 2225 naturam.

1252 1191 1510 1232 Gilbertus,
1539 1192 1560 1223 1.
1584 1201 1612 1223 0.
1641 1202 1674 1232 p.
1699 1194 1787 1224 1388
1805 1194 1884 1224 CD.

1222 1250 1321 1281 Haec
1349 1259 1448 1291 vero,
1482 1251 1520 1282 id
1550 1254 1601 1282 est
1634 1252 1810 1284 divinitas
1842 1256 1875 1283 01
1902 1254 1968 1284 1111-

1174 1310 1341 1349 manitas,
1369 1312 1587 1341 naturarum
1608 1314 1692 1342 sunt
1711 1312 1879 1351 nomina;
1908 1313 1970 1343 sed

1173 1368 1249 1408 illa,
1272 1369 1339 1399 hoc
1361 1372 1421 1409 est,
1444 1370 1561 1409 ,Deus‘
1583 1373 1616 1401 et
1636 1371 1780 1411 ,homo‘,
1803 1373 1968 1410 quando-

1173 1436 1244 1466 que
1264 1436 1307 1458 ex
1328 1428 1514 1459 intellectu
1535 1438 1723 1470 personae,
1746 1431 1970 1470 quandoque

1172 1494 1215 1516 ex
1233 1486 1418 1518 intellectu
1436 1490 1654 1519 naturarum
1668 1492 1836 1530 utraque,
1853 1499 1968 1529 quan-

1173 1545 1293 1583 doque
1305 1546 1460 1577 alterum
1476 1556 1544 1586 pro
1559 1556 1715 1587 persona
1731 1549 1887 1580 alterum
1902 1559 1969 1588 pro

1171 1596 1304 1635 natura
1319 1597 1769 1645 intelligendaponuntur.
1792 1608 1970 1639 Similiter

1171 1666 1203 1694 et
1230 1664 1299 1703 hic,
1328 1664 1365 1694 id
1392 1666 1453 1704 est,
1487 1665 1663 1697 divinitas
1688 1670 1722 1697 et
1747 1667 1968 1709 humanitas,

1171 1726 1233 1754 aut
1258 1725 1416 1762 utraque
1448 1733 1516 1762 pro
1543 1725 1685 1756 naturis
1718 1729 1780 1756 aut
1812 1729 1969 1766 utraque

1170 1791 1237 1821 pro
1265 1791 1430 1822 persona,
1459 1785 1521 1813 aut
1548 1783 1702 1815 alterum
1723 1794 1791 1824 pro
1812 1795 1968 1825 persona

1171 1841 1326 1872 alterum
1374 1850 1442 1880 pro
1489 1845 1622 1873 natura
1667 1843 1812 1876 dicitur.
1875 1846 1967 1877 Nam

1170 1909 1252 1930 cum
1281 1900 1455 1931 dicimus:
1497 1901 1591 1932 Deus
1625 1903 1819 1942 assumpsit
1848 1905 1965 1935 homi-

1169 1968 1262 1999 nem,
1290 1962 1340 1989 et:
1370 1959 1552 1991 Divinitas
1580 1962 1774 2000 assumpsit
1794 1963 1965 1994 humani-

1169 2020 1288 2058 tatem,

1168 2079 1201 2107 et
1226 2077 1278 2108 ibi
1307 2077 1425 2117 ,Deus‘
1451 2080 1484 2108 01
1510 2079 1570 2110 1110
1603 2079 1803 2119 ,divinitas‘
1837 2082 1883 2112 ad
1910 2082 1965 2112 in-

1168 2136 1404 2176 telligendam
1419 2145 1625 2178 personam,
1647 2139 1856 2178 ,hominem‘
1878 2149 1966 2171 vero

1169 2198 1202 2226 et
1222 2196 1512 2235 ,humanitatem‘
1534 2197 1580 2227 ad
1601 2197 1878 2238 intelligendam
1900 2209 1965 2230 na-

1168 2257 1289 2285 turam
1328 2255 1384 2286 his
1422 2255 1652 2287 orationibus
1690 2258 1930 2296 proferuntur
1943 2257 1964 2291 ¹.

1329 2027 1373 2049 ex
1408 2019 1535 2049 eodem
1568 2020 1628 2051 1110
1667 2020 1824 2052 dicimus
1861 2031 1966 2054 sensu

476 2389 483 2406 ¹
514 2391 613 2422 Ganz
642 2390 791 2421 {ilinlich
818 2390 942 2420 lauten
970 2390 1029 2420 die
1055 2390 1358 2431 Ausfiihrungen,⁴
1381 2391 1439 2422 die
1465 2392 1646 2423 Gilbert
1671 2394 1765 2424 113011
1794 2394 1875 2425 dem
1898 2396 1962 2426 Be-

331 2450 427 2481 rieht
448 2451 509 2481 des
530 2450 628 2481 Otto
650 2435 738 2480 von'
757 2449 964 2488 Freising
994 2450 1057 2480 auf
1077 2450 1159 2480 dem
1181 2450 1312 2480 Konzil
1334 2459 1407 2481 von
1428 2451 1575 2482 Rheims
1593 2453 1760 2491 gemacht
1781 2454 1861 2484 hat:
1891 2455 1962 2494 ,Di-

332 2510 437 2540 cebat
462 2509 559 2539 enim
582 2509 650 2539 hoc
671 2517 803 2538 nomen
832 2507 948 2548 ,Deus‘
977 2509 1201 2547 quandoque
1222 2509 1259 2539 in
1283 2509 1532 2548 designatione
1553 2513 1717 2551 naturae,
1739 2513 1963 2552 quandoque

331 2568 369 2598 in
399 2568 648 2607 designatione
674 2575 852 2606 personae
879 2567 989 2598 unius
1016 2567 1124 2597 etiam
1152 2568 1240 2606 poni
1262 2592 1268 2598 .
1291 2593 1298 2599 .
1321 2592 1327 2597 .
1379 2568 1500 2603 Quare
1527 2571 1560 2599 et
1593 2569 1714 2601 aiebat

332 2629 440 2657 tatem
486 2635 560 2657 esse
604 2627 719 2657 Deum
765 2626 803 2656 in
848 2626 913 2656 illo
957 2628 1097 2656 tantum
1143 2635 1249 2657 sensu
1295 2627 1509 2667 concedere,
1556 2637 1628 2667 quo
1674 2630 1768 2660 Deus
1812 2631 1964 2669 ponitur

332 2694 399 2724 pro
425 2687 569 2716 natura.
622 2686 666 2716 In
702 2694 743 2716 eo
779 2694 867 2716 vero
900 2685 1065 2716 absolute
1091 2686 1289 2716 concedere
1316 2695 1389 2716 non
1417 2687 1563 2727 audere,
1602 2696 1674 2726 quo
1701 2697 1768 2727 pro
1796 2690 1963 2728 qualibet

331 2753 573 2783 personarum
601 2745 668 2775 hoc
695 2753 826 2775 nomen
863 2744 980 2784 ,Deus‘
1016 2732 1286 2785 accomodatur,
1323 2754 1367 2775 ne
1394 2745 1576 2786 videlicet,
1616 2746 1644 2777 si
1680 2747 1962 2780 indeterminate

331 2803 568 2842 profiteretur
594 2803 826 2834 divinitatem
853 2812 927 2834 esse
954 2804 1080 2843 Deum,
1113 2803 1151 2834 id
1184 2806 1235 2834 est
1262 2796 1466 2842 quamlibet
1492 2810 1745 2846 personarum,
1773 2810 1962 2847 cogeretur

330 2862 408 2893 sine
436 2862 739 2893 determinatione
766 2863 965 2893 concedere
992 2862 1171 2901 quicquid
1199 2863 1243 2893 de
1270 2863 1435 2902 qualibet
1461 2872 1704 2902 personarum
1725 2868 1758 2896 et
1779 2867 1823 2897 de
1843 2853 1966 2898 essen-*¹

331 2921 392 2961 tia,
419 2921 544 2960 sicque
570 2921 608 2951 in
635 2922 730 2952 hanc
757 2921 935 2952 incideret
961 2922 1235 2961 absurditatem,
1263 2924 1303 2952 ut
1328 2922 1420 2953 sicut
1446 2931 1639 2961 personam
1668 2924 1764 2965 Filii,
1791 2925 1841 2956 ita
1864 2926 1959 2957 divi-

331 2989 417 3010 nam
443 2980 633 3010 essentiam
661 2980 941 3011 indeterminate
967 2980 1208 3020 incarnatam,
1235 2989 1379 3020 passam
1407 2981 1666 3014 confiteretur.‘
1721 2984 1826 3016 Gesta
1854 2985 1959 3017 Frid.

330 3039 421 3080 Imp.
449 3039 471 3069 l.
494 3039 520 3070 I.
544 3048 572 3070 c.
594 3041 647 3070 58.
707 3039 833 3070 Zitiert
859 3040 953 3070 nach
981 3040 1046 3070 der
1072 3040 1240 3079 Ausgabe
1267 3049 1340 3071 von
1367 3040 1407 3071 G.
1429 3041 1570 3071 Waitz
1597 3041 1635 3072 in
1664 3043 1733 3073 den
1761 3043 1961 3085 Scriptores

331 3098 462 3130 Rerum
496 3099 613 3130 Germ.
640 3108 674 3137 p.
705 3100 758 3138 66,
787 3100 840 3129 67.
869 3099 946 3130 MG.
977 3099 1035 3130 SS.
1066 3099 1143 3139 XX,
1171 3108 1205 3138 p.
1235 3100 1313 3139 382,
1341 3100 1395 3130 83.
1512 3088 1516 3091 i

1750 2579 1785 2601 se
1825 2572 1961 2603 divini-
