2106 3453
609 195 799 233 'I‘ractatus
825 196 885 235 ΠΙ.
936 196 987 234 De
1015 201 1160 244 peccato
1186 200 1361 246 originali.
1729 202 1798 240 51*

169 301 313 341 catum
342 301 445 342 nihil
473 301 539 352 sit,
568 302 787 354 quomodo
816 305 880 344 est
905 304 1066 346 dictum
1095 307 1200 346 etc?
1250 305 1489 348 Possumus
1516 309 1670 360 dicere,
1699 310 1799 363 quia

168 376 327 429 aliquid
363 379 440 418 est,
504 377 549 418 Id
584 378 701 430 quod
735 381 798 419 est
829 382 1070 431 peccatum,
1105 381 1267 433 aliquid
1307 385 1385 432 est,
1425 385 1541 436 quod
1581 388 1645 426 est
1683 398 1799 426 sum-

167 465 284 492 mum
320 466 478 494 nomen
513 455 716 504 malitiae,
750 455 840 497 sive
872 456 925 496 sit
958 456 1118 497 dictum
1160 458 1224 498 vel
1257 458 1418 500 factum
1462 460 1527 501 vel
1572 462 1798 513 cogitatus

167 528 275 569 Cum
308 529 425 570 dico:
469 533 693 583 peccatum
729 531 832 572 nihil
867 535 945 582 est,
992 532 1179 584 intelligo
1222 534 1445 585 malitiam,
1490 536 1585 577 finis
1627 550 1799 589 perver-

166 604 343 654 sionem,
379 617 474 646 cum
510 606 606 646 volo
646 607 861 648 actionem
904 621 1047 649 meam
1091 609 1260 660 privare
1299 610 1444 651 debito
1488 612 1572 652 fine
1615 613 1798 654 volendo

167 680 297 721 alium
342 684 564 723 auctorem
604 696 728 724 meae
773 683 954 724 actionis
1000 687 1190 726 statuere
1235 699 1366 738 quam
1412 687 1564 738 Deum,
1611 692 1653 729 et
1698 689 1798 730 illud

167 756 268 797 nihil
303 761 380 799 est.

308 833 500 875 Reatus
534 838 598 875 est
631 835 823 877 debitum
857 838 1061 878 aeternae
1093 850 1273 890 poenae,
1308 839 1423 891 quod
1458 840 1636 882 incurrit
1668 841 1800 883 homo

166 909 329 961 primus
362 911 583 962 peccando
616 913 657 951 et
690 924 768 952 nos
801 925 952 953 omnes
984 913 1191 964 similiter,
1234 915 1335 967 quia
1379 928 1509 968 quam
1545 917 1627 957 cito
1661 919 1800 959 nasci-

166 998 273 1035 mur,
308 986 490 1027 debetur
523 987 647 1027 nobis
679 990 856 1029 aeterna
890 1001 1029 1040 poena
1065 1002 1142 1042 pro
1176 990 1246 1031 illo
1278 994 1471 1043 peccato,
1515 993 1616 1045 quia
1649 1007 1800 1035 omnes

166 1060 324 1102 fuimus
358 1062 426 1103 ille
458 1075 570 1103 unus
604 1063 834 1104 comedens
868 1067 909 1105 et
942 1077 1093 1105 omnes
1127 1065 1284 1107 fuimus
1318 1067 1358 1107 in
1394 1067 1463 1108 illo
1498 1069 1728 1110 carnaliter
1759 1073 1801 1110 et

166 1137 458 1187 materialiter,
499 1138 608 1179 sicut
647 1139 803 1179 domus
842 1139 882 1180 in
924 1152 1054 1182 saxea
1094 1141 1207 1182 mole
1253 1144 1295 1183 et
1341 1142 1602 1184 frumentum
1648 1144 1802 1186 dicitur

165 1225 258 1253 esse
292 1213 331 1253 in
366 1213 541 1255 semine.
606 1214 656 1254 Et
689 1214 768 1256 iste
807 1218 953 1257 reatus
986 1216 1140 1257 dicitur
1172 1230 1265 1258 esse
1307 1218 1512 1269 originale
1554 1223 1797 1272 peccatum;

165 1291 208 1329 et
240 1289 355 1330 aliud
390 1289 596 1340 originale
629 1292 670 1331 et
704 1290 818 1331 aliusl
852 1295 1097 1344 peccatum;
1142 1293 1361 1345 originale,
1396 1295 1496 1347 quia
1531 1309 1580 1336 eo
1615 1297 1801 1347 origina-

164 1364 260 1406 liter
291 1367 506 1413 tenemur;
553 1369 792 1418 peccatum,
834 1371 1044 1419 quantum
1091 1370 1146 1410 ad
1192 1369 1331 1422 ipsum
1378 1371 1533 1422 Adam,
1580 1372 1652 1424 qui
1697 1373 1800 1414 illud

166 1441 392 1483 commisit.
1415 1502 1417 1504 ι

310 1517 497 1558 Vitium
542 1516 699 1570 duplex
743 1520 819 1568 est,
864 1521 1075 1571 quantum
1119 1520 1172 1560 ad
1208 1533 1365 1573 corpus
1408 1524 1449 1562 et
1491 1525 1702 1575 quantum
1746 1525 1801 1566 ad

167 1593 373 1635 animam.
439 1594 597 1634 Vitium
632 1594 823 1646 corporis
851 1598 914 1635 est
942 1595 1196 1647 impotentia
1224 1597 1451 1638 resistendi
1480 1598 1671 1650 laesioni,
1701 1600 1801 1653 quia

166 1682 252 1710 non
284 1672 429 1722 potest
462 1682 547 1710 non
582 1670 813 1723 corrumpi,
848 1684 934 1711 non
969 1671 1093 1713 laedi.
1162 1673 1319 1714 Vitium
1354 1674 1526 1716 animae
1566 1679 1630 1717 est
1664 1676 1802 1730 impo-

165 1746 299 1787 tentia
339 1746 565 1787 resistendi
604 1749 797 1799 peccato,
840 1747 942 1800 quia
985 1761 1071 1789 non
1115 1751 1257 1800 potest
1299 1762 1385 1790 non
1429 1764 1622 1803 peccare.
1686 1753 1801 1794 Ante

164 1824 390 1874 peccatum
433 1822 474 1863 in
515 1825 699 1875 utroque
738 1823 888 1863 firmus
933 1827 1026 1865 erat
1070 1824 1215 1875 homo,
1262 1826 1362 1878 quia
1395 1829 1566 1878 poterat
1608 1829 1717 1869 mori
1759 1832 1801 1870 et

165 1911 252 1939 non
285 1898 406 1949 mori,
440 1899 657 1951 corrumpi
690 1901 732 1940 et
765 1912 851 1940 non
885 1901 1102 1953 corrumpi
1145 1904 1357 1954 quantum
1392 1902 1447 1944 ad
1475 1917 1649 1956 corpus;
1678 1907 1800 1958 pote-·

164 1977 231 2016 rat
274 1987 453 2027 peccare
500 1976 542 2016 et
586 1987 672 2015 non
718 1987 896 2026 peccare
941 1978 1151 2028 quantum
1198 1978 1253 2018 ad
1299 1978 1502 2020 animam.
1576 1980 1662 2021 Sed
1702 1983 1801 2033 post

164 2052 390 2102 peccatum
431 2049 592 2091 inflicta
633 2053 696 2091 est
741 2051 988 2102 necessitas,
1035 2054 1081 2092 ut
1126 2052 1228 2093 dicit
1272 2053 1642 2106 Augustinus1,
1688 2069 1801 2109 quae

1824 1010 1855 1034 10

1825 1387 1855 1412 15

1820 1771 1855 1796 21)

164 2129 311 2168 tamen
345 2139 433 2168 non
466 2126 676 2178 astringit,
711 2127 786 2168 sed
819 2127 921 2180 quia
955 2128 1099 2179 homO,
1134 2142 1230 2170 cum
1265 2131 1405 2182 potuit
1447 2131 1678 2183 abstinere,
1720 2145 1798 2172 no*-
1819 2148 1853 2172 ⁶223

164 2202 254 2253 luit,
288 2203 449 2244 inflicta
483 2206 547 2245 est
581 2203 616 2244 ei
650 2204 897 2255 necessitas,
932 2206 980 2245 ut
1013 2217 1109 2246 cum
1145 2205 1258 2256 velit,
1293 2219 1378 2247 non
1412 2207 1561 2260 possit.

307 2280 466 2321 Actus
498 2279 613 2321 vitii
654 2282 718 2321 est
760 2280 853 2333 ipsa
895 2282 1112 2334 corruptio
1155 2282 1195 2322 in
1240 2295 1433 2336 corpore,
1477 2297 1573 2325 cum
1617 2285 1802 2326 laeditur

164 2369 333 2409 corpus.
396 2356 532 2396 Actus
564 2355 652 2397 vitii
686 2358 750 2397 est
782 2356 825 2397 in
858 2357 1003 2398 anima
1036 2357 1129 2409 ipsa
1162 2357 1237 2409 ira,
1273 2359 1445 2410 invidia,
1492 2360 1715 2413 superbia;
1759 2363 1800 2401 et

164 2432 291 2474 istam
324 2418 454 2473 talem
488 2432 787 2485 impotentiam
817 2432 965 2474 dicunt
992 2422 1173 2486 quidam
1202 2447 1295 2476 esse
1323 2435 1529 2486 originale
1555 2439 1797 2488 peccatum.

306 2602 327 2636 2
354 2602 446 2646 quod
486 2603 553 2645 est]
593 2604 649 2637 est
686 2614 751 2637 om.
783 2605 823 2637 Β.
922 2603 942 2636 3
981 2603 1030 2637 sit
1067 2615 1131 2640 om,
1162 2607 1203 2639 Α.
1303 2604 1323 2637 6
1361 2606 1542 2638 auctorem
1581 2605 1800 2639 constituere

165 2673 265 2696 meae
297 2661 448 2696 actionis
476 2663 517 2696 B.
619 2662 659 2695 13
684 2662 814 2696 dicitur
848 2662 939 2704 esse]
974 2674 1054 2696 esse
1086 2675 1150 2697 om.
1181 2665 1211 2697 B
1244 2663 1417 2706 originale
1444 2666 1629 2708 peccatum
1656 2667 1798 2708 scripsi.

164 2720 351 2764 originalis
383 2720 520 2765 peccati
548 2722 635 2757 AB.
737 2721 780 2755 15
815 2721 874 2765 qui
910 2721 1010 2763 illud]
1047 2721 1137 2766 quod
1176 2721 1234 2756 ille
1263 2724 1304 2756 A.
1406 2723 1447 2756 17
1482 2725 1519 2756 et
1549 2725 1720 2766 quantum
1756 2723 1799 2757 ad

165 2792 229 2816 om.
251 2783 294 2816 Α.
395 2781 436 2814 18
462 2781 620 2825 corporis
659 2780 726 2825 est]
766 2784 822 2815 est
848 2794 912 2817 om.
931 2783 971 2817 B.
1082 2782 1165 2826 quia
1203 2785 1338 2825 scripsi
1363 2793 1455 2826 quae
1482 2784 1514 2816 A
1553 2783 1613 2827 qui
1643 2783 1682 2816 Β.
1720 2788 1800 2825 post

164 2841 284 2884 potest
322 2841 451 2873 addidi
483 2851 564 2875 non.
674 2840 716 2874 21
754 2840 917 2874 infirmus
944 2843 986 2876 A.
1097 2843 1133 2874 et
1166 2853 1235 2875 non
1271 2841 1358 2875 mori
1386 2842 1518 2877 onnss.
1625 2842 1670 2875 24
1707 2841 1800 2885 quod

163 2900 284 2932 tamen
311 2898 581 2942 astringiturA.
728 2899 774 2933 26
801 2899 847 2943 ei]
875 2899 943 2933 sibi
960 2902 1003 2934 A.
1134 2900 1178 2934 28
1201 2906 1282 2944 post
1308 2901 1427 2934 anima
1453 2902 1536 2936 add.
1555 2903 1584 2934 B
1611 2903 1657 2935 et.

309 3045 321 3063 ¹
345 3047 389 3083 cf.
418 3058 525 3091 supra
551 3059 581 3092 p.
611 3047 693 3081 23&

1598 3108 1624 3149 d
1641 3110 1657 3126 ,ιε
