2106 3453
0 963 16 988 f.
29 963 63 988 82
78 964 113 987 νυ.

601 229 792 265 Tractatus
820 230 843 264 Ι.
895 229 947 263 De
973 231 1152 264 creatione
1179 229 1311 266 mundi.
1703 230 1768 264 13²²

278 334 373 375 Ubi
407 337 587 376 creata
621 334 697 375 sit.
762 333 1042 385 Respondeo:
1090 333 1172 374 Ubi
1212 334 1394 375 materia
1427 334 1556 374 modo
1591 336 1652 375 est
1686 334 1769 375 for-

137 414 268 461 mata,
297 411 454 452 ibidem
484 411 671 452 creditur
697 411 815 463 prius
843 414 1000 459 creata,
1027 411 1208 462 implens
1238 424 1289 451 ex
1313 414 1413 452 tunc
1437 412 1615 453 eandem
1640 424 1769 464 capa-

136 488 309 529 citatem
344 488 537 537 localem,
573 501 703 540 quam
737 491 779 528 et
812 488 955 528 modo.

277 564 463 605 Creata
497 566 574 604 est
607 563 861 613 informis,
896 576 980 603 non
1015 576 1066 604 ex
1098 566 1190 604 toto
1224 577 1374 605 carens
1408 564 1559 614 fornia,
1606 564 1680 605 sed
1714 564 1769 605 ad

135 641 505 693 comparationem
552 640 771 692 sequentis
817 640 1147 692 pulchritudinis
1193 643 1235 681 et
1280 641 1454 691 ordinis,
1498 642 1557 683 ita
1597 641 1768 691 scilicet,

135 717 250 769 quod
297 718 338 757 in
385 717 525 758 medio
566 717 643 757 fuit
686 720 815 766 terra,
855 717 1020 758 liabens
1062 717 1103 757 in
1144 731 1189 758 se
1223 718 1367 758 alveos
1402 719 1443 759 et
1475 731 1621 768 venas,
1662 731 1770 770 quas

135 797 334 835 tracones
377 797 418 835 et
450 795 721 847 receptacula
767 807 978 847 aquarum
1016 797 1102 835 tam
1138 808 1267 847 super
1299 797 1457 835 terram
1494 808 1625 847 quam
1658 795 1769 836 intra

134 874 298 912 terram
353 872 590 912 labentium
650 884 878 920 vocamus3
934 872 1014 913 tria
1074 872 1239 924 reliqua
1291 872 1503 913 elementa
1545 872 1589 912 in
1635 885 1769 913 unum

137 949 313 989 confusa
365 949 419 990 ad
466 949 644 989 modum
701 952 704 1001 1
756 949 941 990 nebulae
992 949 1290 1001 spissebantur
1335 963 1385 990 ex
1422 949 1539 989 omni
1578 952 1701 1001 parte
1745 963 1770 990 a

133 1026 359 1078 superficie
395 1029 534 1068 terrae
569 1039 706 1079 usque
738 1026 793 1067 ad
826 1039 1044 1067 summum
1079 1040 1344 1080 empyreum.

656 1138 711 1175 II.
748 1138 804 1175 De
833 1138 968 1175 mundi
996 1138 1245 1175 formatione.

274 1221 325 1261 Et
352 1222 411 1262 sic
440 1221 684 1271 asserimus,
708 1222 824 1274 quod
847 1221 990 1261 divina
1013 1222 1184 1276 bonitas
1207 1221 1417 1262 mundum
1440 1222 1567 1262 istum
1591 1222 1770 1262 sensibi-

133 1299 215 1339 lem
238 1301 338 1339 ante
360 1311 532 1339 omnem
550 1298 663 1338 dlem
686 1298 727 1338 in
743 1299 923 1339 materia
948 1298 1157 1339 creavit.
1194 1299 1387 1339 Eundem
1405 1312 1506 1339 vero
1530 1312 1603 1339 sex
1619 1299 1770 1339 diebus

132 1375 390 1425 formavit3
439 1375 498 1416 sic
542 1378 703 1426 tamen,
751 1376 867 1428 quod
912 1376 1049 1416 tribus
1090 1376 1452 1428 praecedentibus
1486 1376 1769 1425 ordinavit,

132 1453 268 1494 tribus
301 1453 580 1506 sequentibus
614 1454 867 1495 ornavitl.
931 1453 1054 1494 Nunc
1098 1454 1320 1494 videamus
1354 1454 1407 1495 de
1441 1453 1643 1505 operibus
1676 1453 1767 1495 illis.

273 1531 441 1572 Prima
475 1530 554 1571 die
594 1531 690 1572 fecit
723 1531 837 1572 Deus
870 1531 1005 1572 lucem
1042 1530 1206 1572 dicens:
1242 1531 1341 1571 Fiat
1375 1532 1459 1571 lux.
1494 1530 1618 1581 (Gen.
1651 1532 1686 1582 1,
1710 1531 1769 1583 3).

274 1608 401 1658 Quod
446 1607 606 1657 facere,
654 1608 757 1648 nihil
804 1607 919 1648 aliud
966 1608 1062 1657 suit,
1115 1621 1247 1660 quam
1300 1608 1562 1660 distinguere
1614 1608 1769 1659 ignem,

132 1685 204 1737 qui
239 1685 396 1725 mixtus
428 1684 519 1735 fuit,
555 1687 596 1725 et
629 1685 769 1737 ipsum
803 1698 965 1737 ponere
998 1685 1039 1725 in
1075 1685 1204 1726 solari
1238 1685 1378 1736 globo,
1413 1685 1455 1725 in
1483 1698 1532 1726 eo
1569 1685 1663 1726 1000
1700 1684 1769 1725 ubi

132 1762 193 1802 sol
233 1762 368 1803 oritur
406 1775 532 1812 nunc,
576 1765 622 1803 ut
660 1762 739 1802 toti
773 1762 935 1803 mundo
969 1762 1104 1814 possit
1136 1762 1278 1803 lucere
1296 1764 1310 1779 ³
1387 1761 1507 1802 Sicut
1541 1763 1654 1803 enim
1689 1762 1770 1804 hoc

133 1840 392 1881 elementum
427 1842 542 1881 terra
583 1842 646 1880 est
684 1840 726 1880 in
761 1840 842 1881 hoc
875 1840 1001 1891 globo
1036 1853 1165 1892 quem
1194 1840 1425 1889 calcamus,
1460 1840 1519 1881 ita
1550 1841 1768 1892 putamus,

133 1917 249 1969 quod
295 1919 386 1958 tota
432 1917 538 1968 ignis
597 1917 782 1959 essentia
833 1917 875 1957 in
927 1918 1027 1958 solis
1079 1917 1253 1959 orbita3
1309 1918 1476 1966 sedeat;
1544 1917 1641 1958 licet
1694 1930 1771 1969 per

278 2035 292 2066 1
322 2032 391 2066 Ubi
419 2034 539 2067 creata
560 2033 617 2067 sit.
640 2032 850 2076 Respondeo
872 2031 965 2065 sicut
985 2031 1137 2065 materia
1157 2033 1192 2065 in
1213 2044 1261 2072 re,
1292 2043 1382 2075 quae
1405 2031 1506 2065 modo
1528 2033 1583 2065 est
1604 2031 1768 2072 formata,

132 2092 262 2126 ibidem
290 2094 345 2126 est
379 2094 500 2126 creata
527 2091 626 2136 prius
646 2095 686 2125 A.
811 2091 859 2124 Ut
886 2091 946 2124 ubi
974 2102 1064 2134 quae
1094 2091 1197 2124 modo
1226 2093 1281 2124 est
1310 2091 1464 2124 formata
1498 2091 1699 2126 ibidem...
1729 2092 1769 2124 B.

134 2151 200 2185 Ubi
228 2154 347 2185 autem
374 2151 527 2185 formata
552 2151 655 2185 modo
682 2151 857 2191 consistit,
886 2150 1018 2184 ibidem
1043 2152 1086 2184 H.
1193 2151 1213 2183 2
1241 2150 1348 2184 etiam
1377 2154 1461 2183 tunc
1477 2152 1523 2185 H.
1623 2150 1643 2184 3
1665 2161 1772 2194 quam

133 2211 235 2244 niodo
256 2210 381 2255 implet
396 2213 441 2244 H.
552 2212 574 2244 4
598 2216 678 2254 post
698 2213 754 2243 est
773 2212 855 2243 add.
877 2211 996 2243 autem
1017 2212 1063 2243 H.
1173 2209 1236 2243 sed
1263 2211 1392 2243 aclde'dl'
1417 2222 1459 2242 cuz·
1480 2212 1527 2244 H.
1637 2211 1655 2243 5
1683 2221 1772 2243 com-

133 2269 369 2315 parationem]
386 2270 627 2314 operationem
638 2272 681 2303 A.
775 2274 856 2313 post
871 2269 1006 2302 ordinis
1021 2270 1102 2303 add.
1120 2268 1282 2302 informis
1298 2271 1418 2313 potest
1432 2268 1501 2302 dici
1512 2270 1558 2304 H.
1635 2269 1654 2302 6
1675 2271 1772 2302 terra

133 2331 251 2363 autem
280 2331 356 2363 erat
382 2329 415 2363 in
443 2329 558 2363 medio
585 2329 737 2364 habens.
754 2330 845 2364 ..H.
968 2328 1072 2372 quod]
1108 2331 1250 2372 quaeA.
1375 2339 1464 2372 quas
1490 2330 1655 2362 tracones
1682 2330 1717 2368 (12'.
1745 2340 1770 2360 e.

133 2392 272 2423 meatus
292 2389 528 2429 subterranei)
552 2391 587 2422 et
607 2401 671 2423 om.
689 2390 728 2422 H
743 2387 914 2422 dracones
931 2392 970 2421 A.
1071 2389 1089 2421 7
1112 2394 1195 2431 post
1215 2387 1442 2432 receptacula
1465 2389 1547 2421 add.
1570 2387 1708 2421 scilicet
1723 2389 1771 2421 H.

134 2449 154 2482 8
174 2446 321 2490 terram]
350 2460 427 2482 eam
450 2450 495 2482 H.
613 2459 782 2481 vocamus
809 2460 872 2482 om.
889 2449 936 2482 H.
1029 2453 1112 2491 post
1143 2447 1214 2480 tria
1240 2449 1322 2480 acld.
1349 2459 1433 2480 vero
1449 2449 1497 2480 H.
1590 2452 1672 2490 post
1706 2445 1772 2480 ele-

135 2510 254 2542 menta
275 2510 357 2541 add.
380 2509 465 2541 sunt
486 2510 528 2541 A.
627 2507 647 2540 9
674 2507 822 2541 confusa
849 2507 886 2540 in
910 2518 1016 2540 unum
1030 2509 1074 2540 H.
1174 2506 1336 2548 nebulae]
1358 2507 1496 2551 spissae
1514 2505 1663 2539 nebulae
1683 2505 1771 2540 fere*

133 2566 262 2600 bantur
293 2578 400 2612 super
425 2570 557 2601 terram
588 2569 635 2600 H.
797 2567 839 2600 10
879 2577 1085 2610 empyreum
1126 2577 1301 2600 summum
1331 2568 1378 2601 H.
1536 2566 1578 2599 15
1617 2565 1769 2607 ornavit]

135 2626 313 2660 ordinavit
339 2629 380 2659 A.
481 2626 523 2660 19
550 2627 625 2659 toto
646 2628 689 2660 A.
789 2626 831 2659 21
860 2625 1013 2659 orbitate
1033 2628 1075 2659 Α.

279 2718 289 2735 ¹
314 2718 359 2754 of.
388 2718 558 2761 Hugoni
572 2729 589 2751 s
616 2720 745 2753 Adnot.
761 2719 845 2751 elue.
862 2729 891 2751 0.
907 2717 957 2751 Vl
973 2719 1017 2760 (p.
1034 2716 1077 2750 35
1097 2717 1125 2750 C
1139 2718 1202 2758 D):
1232 2716 1360 2750 Tribus
1385 2716 1509 2760 primis
1530 2716 1655 2750 diebus
1675 2716 1772 2750 Deus

135 2779 263 2811 cuncta
284 2777 319 2810 in
340 2777 491 2811 materia
516 2777 654 2810 creavit
674 2778 709 2810 et
734 2776 924 2817 ordinavit,
952 2775 1067 2809 tribus
1094 2787 1178 2808 vero
1207 2775 1440 2819 sequentibus
1462 2775 1596 2816 diebus,
1618 2775 1770 2809 ornavit.

279 2835 290 2853 ‘³
316 2836 438 2879 Hugo
467 2836 504 2872 L.
530 2848 559 2870 0.
587 2847 619 2880 p.
648 2837 692 2870 34
723 2838 750 2869 C
770 2838 817 2870 D:
865 2835 986 2868 Prima
1018 2834 1073 2868 die
1108 2834 1274 2868 distinxit
1306 2834 1404 2868 Deus
1437 2835 1556 2878 ignem
1588 2847 1609 2868 a
1641 2834 1773 2868 ceteris

135 2895 332 2937 elementis,
370 2898 405 2929 et
440 2896 505 2929 hoc
542 2898 597 2929 est
632 2895 723 2939 quod
760 2896 836 2939 ipse
871 2895 972 2929 dicit:
1009 2894 1090 2928 Fiat
1115 2894 1187 2933 lux,
1216 2893 1250 2927 id
1278 2898 1333 2928 est
1361 2894 1604 2937 distinguatur
1629 2894 1725 2936 ignis
1751 2905 1771 2927 a

135 2955 264 2988 ceteris
302 2954 558 2990 elementis...
599 2954 729 2988 Creata
762 2956 880 2988 autem
915 2954 1073 2988 creditur
1105 2953 1168 2986 lux
1202 2953 1264 2987 illa
1300 2953 1335 2987 in
1362 2965 1402 2987 eo
1429 2953 1515 2994 loco,
1542 2953 1602 2987 ubi
1628 2953 1678 2986 so]
1707 2953 1772 2986 ori-

135 3016 261 3048 tur...
289 3014 333 3048 cf.
362 3014 413 3048 De
441 3026 528 3048 saer.
558 3014 594 3048 L.
622 3014 647 3048 I.
674 3026 707 3059 p.
736 3015 760 3049 Ι.
788 3026 816 3049 0.
846 3014 877 3049 9,
906 3013 955 3054 (L.
984 3025 1012 3047 0.
1040 3024 1072 3057 p.
1104 3013 1169 3046 194
1196 3014 1251 3052 B).

278 3072 290 3090 3
316 3073 557 3107 Forcellini
591 3085 617 3107 s.
645 3073 679 3107 h.
707 3084 755 3107 V.:
798 3072 935 3113 Orbita,
963 3072 1080 3116 inquit
1107 3073 1232 3107 Ascon.
1262 3071 1298 3105 in
1325 3072 1356 3106 3.
1384 3071 1478 3109 Vers
1505 3072 1571 3112 59„
1600 3071 1688 3105 duas
1714 3082 1771 3104 res

135 3131 332 3175 significat:
373 3144 453 3166 nam
491 3132 606 3166 orbita
643 3134 677 3166 et
713 3134 790 3166 rota
826 3132 905 3176 ipsa
941 3131 1156 3175 intelligitur
1190 3133 1226 3164 et
1251 3131 1446 3174 vestigium
1480 3131 1514 3164 in
1548 3130 1646 3164 molli
1671 3130 1770 3164 solio.

1792 1052 1822 1075 io

1793 1472 1823 1496 15

1791 1857 1825 1881 20
