2106 3453
14 816 54 841 Ἢ.
76 816 124 842 199

41 775 60 800 f.
73 776 116 801 43.

297 780 478 831 Explicit
510 782 616 820 liber
648 783 824 833 primus.
888 785 1034 836 Incipit
1078 788 1289 826 secundus
1335 789 1630 828 catholicorum
1673 793 1815 830 contra

25 852 92 877 1132
102 835 135 877 DJ
155 844 325 883 eosdem
361 845 609 886 haereticos,

294 908 390 963 Cal).
418 910 455 951 I:
491 911 711 951 Secundus
746 914 852 952 liber
884 916 1124 966 praedictas
1154 917 1355 957 haereses
1384 921 1423 958 et
1450 920 1813 972 plenius-exponit

152 975 192 1013 et
225 975 457 1025 antiquitus
492 977 712 1017 damnatas
745 978 785 1017 in
819 980 1005 1019 conciliis
1039 981 1301 1022 manifestius
1333 985 1498 1034 probat.
1563 985 1644 1024 Sed
1685 986 1724 1025 in
1766 1000 1814 1025 eo

150 1039 330 1089 primum
376 1041 514 1088 agitur
560 1043 611 1081 de
657 1044 837 1093 quodam
884 1045 991 1083 libro
1038 1046 1248 1086 haeretico
1294 1049 1363 1099 qni
1404 1049 1493 1089 sine
1528 1053 1698 1090 auctore
1732 1054 1846 1097 est‚5

150 1103 268 1143 cuius
300 1105 448 1144 titulus
482 1109 547 1146 est
578 1107 694 1147 talis:
742 1109 993 1160 Incipiunt
1027 1113 1315 1152 sententiae
1349 1114 1689 1161 divinitatis1‚
1738 1117 1811 1155 sed

149 1169 291 1209 verius
337 1171 546 1211 diceretur
590 1174 840 1213 temeritatis
886 1177 928 1214 et
970 1176 1138 1223 erroris,
1186 1178 1256 1228 qui
1299 1178 1361 1217 sic
1404 1179 1566 1231 incipit:
1611 1181 1813 1226 ,Omnes2

148 1234 340 1274 sitientes
368 1236 505 1276 venite
539 1238 591 1276 ad
625 1251 758 1289 aquas
792 1241 834 1278 et
861 1239 1003 1287 bibite,
1039 1241 1173 1289 amici,
1202 1245 1243 1281 et
1270 1243 1546 1291 inebriamini,
1575 1245 1810 1285 carissimi‘.

147 1299 193 1338 In
226 1300 303 1339 hoc
335 1301 463 1351 igitur
494 1302 601 1341 libro
633 1305 921 1355 praescriptae
960 1306 1161 1346 haereses
1200 1310 1239 1347 et
1273 1310 1473 1360 profanae
1517 1324 1663 1350 vocum
1699 1311 1810 1350 novi-

146 1366 256 1404 tates
290 1367 330 1404 et
362 1367 650 1417 oppositiones
682 1368 778 1407 falsi
811 1370 989 1409 nominis
1023 1371 1236 1418 scientiae,
1274 1387 1380 1424 quas
1410 1376 1639 1426 Apostolus
1666 1378 1808 1415 monet
1830 1383 1864 1408 10

146 1429 341 1469 vitandas
375 1430 425 1480 (I.
453 1430 560 1471 Tim.
584 1435 623 1483 (j,
645 1433 732 1482 20),
767 1435 865 1473 totis
895 1435 1073 1486 ingeniis
1102 1439 1362 1479 astruuntur.
1416 1440 1566 1480 Fertur
1592 1441 1717 1480 etiam
1747 1442 1810 1480 hie

146 1494 252 1533 liber
284 1495 421 1535 Petri
457 1497 719 1537 Aheilardi
752 1499 883 1538 fuisse
917 1503 989 1540 ant
1022 1514 1073 1540 ex
1102 1502 1221 1541 libris
1249 1503 1339 1543 eius
1368 1508 1608 1557 excerptus,
1643 1507 1694 1545 de
1722 1507 1808 1557 qui-

145 1559 224 1598 bus
258 1561 357 1611 qnid
392 1561 626 1601 faciendum
662 1563 729 1610 sit,
764 1563 821 1603 ita
854 1565 1054 1615 legimus:
1091 1567 1152 1606 Ex
1187 1568 1368 1608 decretis
1404 1570 1736 1611 Innocentii3:

289 1625 627 1671 ‚Innocentius
666 1627 905 1679 episcopus,
952 1643 1103 1670 servus
1148 1645 1367 1672 servorum
1413 1635 1498 1681 Dei,
1550 1634 1553 1687 Ι
1607 1636 1807 1687 archiepi-

144 1689 283 1740 scopis
326 1690 560 1731 Remensi
607 1694 652 1731 et
698 1693 977 1734 Senonensi
1013 1696 1249 1746 S.(amsoni)
1292 1701 1332 1738 et
1366 1699 1603 1749 Helm-ico)
1646 1709 1861 1740 eorum-15

144 1767 225 1805 que
259 1756 542 1807 suffraganeis
576 1758 754 1797 salutem
790 1761 831 1798 et
863 1761 1137 1811 apostolicam
1173 1763 1521 1805 benedictionem.
1576 1766 1658 1805 Per
1690 1780 1806 1818 prae-

142 1820 277 1859 sentia
327 1822 485 1873 scripta
537 1824 785 1864 mandamus
836 1825 1089 1866 fraternitati
1142 1831 1324 1875 vestrae,
1379 1832 1424 1869 ut
1474 1831 1606 1870 libros
1651 1832 1806 1871 erroris

141 1884 276 1924 Petri
307 1886 590 1935 Abeilardi,
625 1889 864 1941 ubicunque
898 1892 1054 1942 reperti
1082 1893 1249 1940 fuerint,
1284 1894 1368 1944 igni
1397 1895 1560 1937 faciatis
1588 1897 1804 1937 comburi‘.

285 1951 371 1990 Hoc
405 1952 541 2002 ipsum
577 1953 729 1993 dilecto
762 1954 846 1994 filio
880 1968 957 1995 suo
993 1957 1250 1997 Bernardo
1285 1958 1689 2000 Claraevallensi
1724 1962 1804 2000 ab·

140 2013 242 2054 bati
283 2029 374 2054 cum
416 2015 573 2056 eisdem
613 2020 841 2071 praecepit.
907 2021 969 2059 Ex
1010 2022 1086 2061 hoc
1124 2022 1253 2073 igitur
1292 2024 1501 2064 haeretico
1534 2025 1641 2064 libro
1675 2040 1799 2077 quae-
1823 2032 1856 2058 ΞΟ

141 2079 233 2118 dan]
269 2083 445 2132 excepta
474 2082 631 2121 eisdem
661 2084 802 2123 verbis
837 2087 878 2124 et
904 2087 1102 2126 sensibus
1136 2089 1290 2138 quibus
1328 2089 1538 2140 leguntur,
1573 2091 1652 2129 sub
1685 2105 1801 2131 voca-

140 2144 237 2184 bulo
272 2146 489 2191 ‚haeresis‘
524 2148 810 2199 proponimus.
876 2151 1056 2191 Econtra
1088 2152 1391 2192 catholicorum
1423 2157 1588 2205 patrum
1623 2156 1799 2195 auctori-

141 2211 248 2248 tates
292 2211 662 2251 manifestissinlas
707 2214 757 2252 ad
805 2215 1133 2256 destructionem
1189 2218 1416 2258 haereseos
1467 2220 1546 2258 sub
1597 2221 1800 2260 vocabulo

140 2275 396 2322 ,catholicae‘
432 2277 694 2328 opponimus.

278 2339 489 2382 Haeresis:
525 2342 783 2389 ,Quaedam4
812 2348 909 2385 sunt
936 2359 1142 2397 personae
1170 2349 1330 2387 tantum
1360 2351 1402 2388 et
1430 2363 1509 2388 non
1536 2351 1797 2400 personales,
1819 2356 1855 2382 25

136 2404 349 2444 Personae
382 2408 424 2445 et
455 2408 716 2457 personales,
764 2409 887 2449 sicuti
928 2411 1167 2451 humanitas
1201 2414 1242 2451 et
1275 2413 1439 2460 albedo,
1486 2427 1594 2465 quae
1628 2428 1708 2454 non
1742 2416 1797 2454 fa-

137 2469 249 2508 ciunt
281 2470 464 2521 aliquam
498 2471 777 2512 differentiam
805 2488 829 2513 a
856 2475 1021 2521 ceteris,
1056 2476 1154 2526 quia
1182 2477 1380 2528 quicquid
1412 2481 1477 2517 est
1504 2479 1625 2518 homo
1660 2480 1797 2525 albus,

136 2533 394 2574 immanitate
433 2538 474 2575 et
512 2537 705 2577 albedine
744 2541 808 2578 est
847 2540 969 2579 homo
1009 2541 1144 2581 albus.
1209 2542 1421 2582 Personae
1456 2545 1497 2583 et
1528 2545 1795 2595 personales:

277 2684 318 2713 25
347 2692 524 2722 personae
551 2686 707 2725 tantum]
734 2685 972 2730 personaesset
998 2691 1118 2718 tamen
1146 2697 1219 2719 non
1247 2690 1278 2721 A
1300 2689 1341 2720 B.
1483 2692 1525 2721 26
1554 2692 1734 2723 Personae
1762 2695 1795 2723 et

134 2735 356 2775 personales]
378 2740 460 2778 post
485 2739 518 2767 et
545 2738 626 2769 add.
655 2739 686 2770 A
710 2738 740 2770 Β
766 2749 849 2771 non.
939 2743 980 2772 27
1010 2741 1174 2779 aliquam
1203 2741 1466 2782 differentiam]
1494 2743 1655 2782 aliquem
1685 2744 1791 2775 diffe-

133 2790 271 2818 rentem
300 2790 330 2820 A
352 2789 393 2821 B.
500 2790 692 2831 quicquid]
721 2792 932 2832 quicunque
960 2794 990 2826 A
1015 2793 1054 2825 Β.
1166 2795 1207 2825 28
1236 2797 1269 2824 et
1296 2795 1481 2835 albedine]
1510 2797 1567 2827 vel
1596 2797 1668 2828 alb.
1698 2798 1729 2830 A
1750 2797 1792 2829 Β.

276 2922 287 2940 ¹
313 2925 364 2970 οἱ.ι
383 2935 495 2964 supra
522 2935 554 2965 p.
586 2927 638 2958 1*.
784 2926 796 2944 ²
822 2938 856 2968 p.
886 2930 940 2960 1*.

276 2976 287 2994 ³
311 2979 770 3021 Jaffe-Wattenbach,
800 2983 944 3024 Reyesta
967 2988 1063 3025 pont.
1095 2985 1189 3016 Rom.
1218 2981 1258 3014 11⁰
1279 2986 1380 3015 8149.
1430 2985 1558 3026 Mansi,
1587 2987 1687 3027 XXI,
1711 2989 1789 3019 565.

132 3031 197 3062 PL.
227 3032 304 3071 179,
333 3033 410 3063 517.

272 3082 285 3100 4
313 3085 375 3117 SD
401 3093 434 3123 p.
466 3087 553 3117 162*
582 3097 615 3118 v.
645 3087 698 3117 17.
