2106 3453
312 1061 343 1086 10

313 1441 345 1466 15

365 257 455 292 108ᾖ
958 259 1163 293 Sententiae
1189 259 1404 294 divinitatis.

505 362 556 402 Et
590 365 653 403 est
679 362 936 412 notandum,
971 363 1087 414 quod
1119 363 1315 415 triplex
1348 366 1426 404 est
1465 364 1690 405 studium
1726 364 1994 406 hominisl.

363 437 523 483 Unum
558 438 674 490 quod
707 438 892 491 pertinet
925 439 980 479 ad
1007 438 1213 488 animam,
1248 439 1363 491 quod
1390 440 1504 480 Deus
1531 439 1698 490 indidit,
1734 441 1916 492 qualiter
1942 440 1997 481 sit

363 514 719 555 conversandum·
738 515 779 554 in
807 514 948 555 medio
976 514 1163 555 nationis
1185 528 1346 566 pravae
1375 518 1415 555 et
1439 529 1668 568 perversae
1703 516 1828 569 (Phil.
1851 517 1890 569 2,
1911 517 1995 569 15).

363 590 527 640 Aliud,
568 591 684 642 quod
724 591 910 643 pertinet.
947 591 1002 631 ad
1042 604 1211 642 corpus,
1252 591 1368 643 quod
1402 591 1516 632 Deus
1549 592 1771 643 permittit,
1814 593 1997 644 qualiter

362 679 408 706 se
431 668 481 713 ,et
515 666 719 706 familiam
763 679 884 706 suam
927 669 1047 717 regat
1080 667 1225 716 homo,
1274 680 1450 708 uxorem
1485 669 1526 708 et
1560 668 1682 709 filios.
1745 668 1995 719 Tertium,

363 741 476 793 quod
506 745 569 782 est
595 742 647 782 de
675 742 956 783 damnatione
983 743 1167 792 animae,
1202 743 1320 795 quod
1352 743 1463 784 Deus
1490 744 1704 795 prohibet,
1738 757 1832 785 cum
1865 744 1996 785 homo

363 818 552 858 intentus
585 818 763 858 nimium
798 818 1108 870 temporalibus
1147 819 1320 871 negligit
1352 820 1504 861 Deum.

504 893 769 946 Notandum,
810 895 926 947 quod
959 898 1284 937 sacramenta
1318 896 1365 936 in
1399 896 1564 937 tribus
1597 896 1907 946 consistunt,
1950 897 1995 937 in

362 970 532 1020 rebus,
566 970 734 1020 factis,
770 970 940 1019 dictis3
976 971 1018 1011 in
1052 971 1180 1013 rebus
1216 972 1324 1012 sicut
1357 985 1485 1024 aqua,
1521 972 1628 1022 oleo,
1664 985 1775 1025 pane
1808 975 1850 1013 et
1878 973 1993 1022 vino;

363 1045 406 1085 in
440 1045 573 1096 factis,
613 1046 722 1086 sicut
754 1046 795 1086 in
829 1047 1082 1096 elevatione,
1110 1047 1393 1099 depositione,
1428 1047 1655 1097 fractione;
1704 1048 1746 1088 in
1779 1048 1916 1098 dictis,
1950 1051 1997 1089 ut

362 1121 405 1162 in
438 1122 578 1163 verbis
610 1122 689 1164 illis
722 1123 1013 1164 sollemnibus.
1078 1124 1178 1165 Ideo
1218 1123 1332 1164 enim
1374 1127 1646 1166 sacramenta
1688 1124 1731 1165 in
1764 1125 1828 1165 his
1861 1125 1997 1165 tribus

364 1198 615 1249 consistunt,
656 1202 701 1240 ut
740 1212 790 1240 eo
831 1200 923 1252 ipso
964 1200 1140 1241 daretur
1179 1200 1367 1252 intelligi,
1414 1201 1530 1253 quod
1569 1201 1700 1241 homo
1739 1201 1812 1253 qui
1850 1201 1892 1241 in
1934 1201 1998 1242 his

364 1275 499 1315 tribus
525 1276 733 1327 peccavit,
755 1276 796 1316 in
818 1277 1099 1318 sacramentis
1123 1276 1340 1327 ecclesiae,
1364 1277 1406 1317 in
1427 1277 1581 1330 quibus
1603 1278 1684 1317 ista
1711 1277 1997 1327 continentur,

364 1351 602 1392 remedium
648 1355 888 1404 quaereret.
958 1353 1003 1393 In
1046 1353 1174 1393 rebus
1218 1353 1425 1405 peccavit,
1473 1367 1567 1394 cum
1614 1353 1803 1405 seipsum
1843 1356 1884 1394 et
1920 1366 1999 1393 nos

365 1428 634 1470 damnationi
680 1429 903 1480 obligavit;
950 1430 992 1470 in
1032 1430 1166 1480 factis,
1201 1443 1296 1471 cum
1332 1443 1509 1471 manum
1543 1430 1597 1470 ad
1631 1430 1791 1481 lignum
1819 1431 1997 1470 vetitum

364 1492 572 1557 porrexit;
608 1505 648 1545 in
682 1505 818 1556 dictis,
854 1519 948 1546 cum
984 1519 1029 1547 se
1063 1506 1294 1547 excusavit.

506 1581 613 1622 Item
635 1584 1074 1623 sacramentorum
1096 1582 1347 1635 quaedam
1371 1584 1488 1622 sunt
1509 1582 1815 1632 communia,
1840 1594 1999 1634 quae-

366 1659 477 1699 dam
512 1658 730 1698 minime.
800 1658 907 1699 Non
950 1658 1237 1700 communia
1280 1661 1531 1710 competunt
1573 1659 1613 1698 in
1655 1657 1793 1699 laicali
1835 1657 1999 1710 profes-

365 1734 484 1775 sione
516 1734 884 1786 permanentibus,
922 1737 969 1775 ut
1002 1734 1261 1786 coniugium,
1296 1734 1510 1787 quaedam
1545 1747 1647 1774 vero
1681 1733 1825 1774 divino
1859 1733 1998 1774 officio

312 1820 326 1845 ‘2
368 1811 636 1862 mancipatis,
681 1813 727 1850 ut
760 1810 869 1851 sacri
903 1810 1086 1851 ordines.
1152 1809 1449 1851 Communia
1489 1813 1601 1859 sunt,
1649 1822 1760 1862 quae
1799 1809 2000 1850 omnibus

366 1886 623 1939 generaliter
655 1890 911 1937 congruunt,
947 1890 991 1927 ut
1024 1887 1279 1940 baptismus.

509 1963 615 2003 Item
667 1966 1106 2004 sacramentorum
1158 1959 1406 2015 quaedam
1457 1965 1573 2002 sunt
1618 1962 1664 2002 in
1712 1961 1998 2012 voluntate,

368 2038 618 2091 quaedam
652 2038 700 2078 in
734 2039 1067 2079 necessitate.
1125 2039 1170 2078 In
1198 2039 1420 2080 voluntate
1448 2051 1549 2078 vero
1571 2051 1657 2078 non
1685 2037 1930 2078 communia
1959 2039 2000 2077 et

367 2115 581 2167 quaedam
616 2115 876 2165 communia,
910 2117 956 2155 ut
989 2115 1242 2167 baptismus.

512 2300 553 2333 10
574 2305 658 2342 post
682 2300 775 2333 sicut
801 2301 882 2332 add.
908 2301 937 2332 B
964 2299 999 2331 in
1025 2297 1262 2331 submissione
1288 2308 1412 2340 aquae.
1511 2295 1561 2337 ut]
1591 2297 1625 2328 et
1649 2297 1691 2329 B.
1793 2295 1833 2327 17
1865 2296 1996 2327 Tarsus

369 2362 404 2392 in
434 2361 465 2392 B
492 2361 548 2391 hic
574 2360 672 2391 hand
700 2370 832 2401 parum
868 2360 1046 2400 discrepat
1079 2358 1120 2389 ab
1150 2360 1198 2390 A:
1241 2357 1331 2389 Item
1367 2356 1670 2389 sacramentorum
1707 2353 1880 2397 quaedam
1917 2356 2000 2386 sunt

369 2417 562 2460 generalia,
590 2418 764 2461 quaedam
792 2416 972 2461 specialia,
1001 2419 1036 2450 et
1062 2415 1236 2460 quaedam
1265 2414 1473 2454 communia,
1502 2413 1676 2457 quaedam
1702 2412 1858 2447 minime.
1904 2411 2002 2445 Com-

371 2478 490 2511 munia
523 2477 617 2511 sicut
648 2476 857 2521 baptismus,
890 2486 1018 2509 manus
1043 2475 1242 2519 000051ῖίος
1278 2486 1347 2507 non
1374 2472 1583 2512 communia,
1616 2473 1710 2506 sicut
1735 2472 1937 2515 coniugium
1965 2474 2000 2504 et

369 2537 461 2570 sacri
500 2537 652 2570 ordines.
712 2537 801 2569 Item
840 2536 1144 2569 sacramentorum
1183 2533 1355 2577 quaedam
1396 2532 1611 2566 conveniunt
1650 2531 1684 2565 in
1722 2531 1840 2565 laicali
1879 2531 2000 2564 ordine

370 2596 660 2640 permanentibus
691 2597 842 2635 tantum,
878 2598 917 2628 ut
943 2594 1157 2637 coniugium,
1191 2593 1363 2637 quaedam
1397 2592 1431 2625 in
1466 2591 1598 2625 divinis
1632 2591 1761 2624 officiis
1787 2589 2001 2634 mancipatis

370 2658 410 2688 ut·
435 2654 525 2688 sacri
554 2654 705 2688 ordines.
756 2654 844 2687 Item
882 2655 1185 2687 sacramentorum
1221 2651 1394 2695 quaedam
1433 2652 1517 2684 sunt
1552 2649 1788 2689 necessitatis,
1826 2648 1999 2692 quaedam

370 2713 576 2748 voluntatis.
630 2713 833 2746 Voluntatis
869 2713 962 2746 siout
995 2724 1063 2746 non
1090 2710 1290 2746 communia
1353 2710 1582 2743 Sacramenta
1613 2708 1814 2742 communia
1846 2710 1930 2741 sunt
1960 2710 2001 2741 ut

371 2773 581 2816 baptismus,
619 2784 745 2806 manus
779 2773 968 2817 impositio,
1009 2771 1239 2816 paenitentia,
1279 2769 1507 2809 eucharistia,
1547 2768 1614 2802 olei
1653 2767 1832 2811 generalis
1869 2767 1999 2800 unctio.

371 2832 528 2865 Primum
558 2834 625 2866 etc.
655 2834 696 2865 Β.

516 2991 525 3010 ¹
554 2994 615 3026 SS.
643 2991 702 3031 IV,
735 2993 764 3026 1.
791 2991 872 3031 (118
890 2991 949 3031 B):
993 2990 1082 3024 Sunt
1108 2992 1226 3024 autem
1255 2989 1548 3023 exercitationum
1574 2990 1649 3021 tres
1675 2987 1823 3031 species,
1861 2998 1930 3019 una
1956 2986 1999 3020 ad

372 3051 653 3085 aedificationem
695 3051 832 3085 animae
872 3052 1034 3095 pertinet,
1073 3050 1185 3083 altera
1224 3049 1266 3082 ad
1304 3048 1470 3092 corporis,
1510 3047 1580 3080 alia
1618 3046 1660 3080 ad
1699 3046 1884 3089 utriusque
1923 3045 2000 3083 sub-

372 3122 584 3145 vei-Sionem.
