2106 3453
523 234 714 273 Tractatus
740 234 800 274 HI.
853 234 903 272 De
930 239 1077 283 peccato
1105 234 1281 282 originali.
1652 232 1723 272 47*

85 343 228 384 minus
271 344 501 384 electorum
541 346 709 385 animas
751 343 965 384 redimens
999 342 1373 394 concupiscentiae
1406 342 1643 391 flammam,
1677 343 1724 382 ut

85 420 303 461 remissior
335 419 399 469 sit,
436 419 649 460 intercidit
683 419 769 472 (Pe.
805 420 874 471 28,
901 418 940 471 7)
985 421 1025 459 et
1059 421 1237 470 peccata
1269 418 1537 470 gravioribus
1572 418 1722 470 poenis

85 496 303 548 punienda
338 496 567 537 levioribus
599 496 735 548 punit.

321 618 385 657 IV.
423 617 620 668 Quomodo
651 618 834 656 remissio
865 618 937 655 fiat
965 618 1007 655 in
1035 617 1232 667 baptismo
1263 618 1305 655 et
1334 618 1492 666 quibus.

226 707 418 747 Breviter
458 710 650 758 peccato,
695 709 831 758 reatu,
878 720 1018 759 poena
1061 720 1086 747 a
1120 720 1165 747 se
1208 705 1387 747 invicem
1429 705 1641 746 distinctis
1683 709 1759 746 ets

85 783 224 823 modis
269 782 571 823 remissionum
620 783 857 825 numeratis
899 783 1106 832 dicamus,
1156 782 1411 834 quomodo
1445 781 1721 822 secundum

85 858 175 899 hos
209 859 386 899 modos
420 859 655 900 remissio
689 859 781 900 fiat
814 859 860 899 in
894 859 1154 911 baptismo
1189 860 1236 898 et
1269 858 1499 910 quihus1.

227 935 545 985 Augustinus
579 935 680 976 dicit
695 937 722 984 ‘-'‚
758 935 873 987 quod
904 934 1047 975 omnia
1082 937 1259 987 peccata
1289 934 1415 986 plene
1447 933 1723 975 remittantur

83 1011 125 1051 in
149 1011 365 1062 baptismo
391 1013 432 1051 et
460 1011 574 1063 quod
601 1011 727 1063 plena
753 1011 947 1052 remissio
975 1013 1038 1051 est
1063 1011 1102 1050 in
1130 1010 1358 1063 baptismo.
1411 1009 1604 1059 Quorum
1628 1023 1721 1050 ver-

86 1087 237 1127 borum
255 1087 496 1128 intellectus
507 1087 750 1139 praedictos
765 1088 918 1128 modos
934 1087 1236 1128 remissionum
1253 1086 1575 1128 attendentibus
1588 1088 1719 1138 patet.

84 1162 336 1203 Remittitur
370 1164 480 1203 enim
515 1176 592 1215 per
624 1163 883 1204 sacramenti
912 1162 1229 1214 susceptionem
1252 1161 1472 1214 baptizato
1495 1164 1720 1214 peccatum

84 1238 302 1289 originale,
349 1238 391 1278 id
436 1241 499 1280 est
544 1238 693 1279 vitium
740 1253 818 1291 pro
863 1241 1041 1291 peccato
1075 1238 1196 1279 Adae
1230 1238 1451 1283 inflictum,
1498 1251 1585 1278 non
1619 1239 1720 1290 quin

84 1314 221 1363 duret,
266 1315 473 1367 quamdiu
516 1315 583 1356 hic
627 1315 756 1356 homo
801 1315 917 1365 vivit,
962 1315 1037 1356 sed
1075 1316 1176 1367 quia
1204 1317 1471 1367 temperatur
1504 1317 1545 1355 et
1579 1317 1624 1355 ut
1656 1328 1721 1355 re—

84 1391 256 1431 missius
298 1391 427 1431 ardor
468 1394 565 1433 urat
608 1392 994 1444 concupiscentiae,
1039 1391 1318 1432 interciditur.
1384 1391 1507 1431 Unde
1551 1391 1721 1443 Augu-

82 1467 250 1507 stinus
286 1467 332 1508 in
360 1467 491 1508 libro
520 1468 577 1508 de
605 1468 804 1520 nuptiis
831 1470 878 1508 et
905 1468 1342 1520 concupiscentiis
1370 1467 1524 1508 dicit3:
1570 1467 1721 1516 ,Huius
1760 1478 1775 1501 5

83 1542 457 1595 concupiscentiae
491 1545 657 1584 reatum
692 1544 960 1594 regeneratio
995 1543 1087 1585 sola
1120 1543 1309 1593 dimittit,
1344 1555 1471 1595 quem
1500 1543 1720 1595 generatio

82 1618 226 1660 trahit.
286 1619 395 1670 Ergo
430 1620 545 1671 quod
580 1623 831 1670 generatum
869 1622 944 1669 est,
979 1622 1275 1670 regeneratum
1311 1632 1397 1659 non
1430 1622 1573 1671 potest
1606 1619 1718 1659 enim

83 1695 206 1736 aliter
227 1707 357 1748 quam
381 1697 568 1737 tractum
599 1699 676 1746 est,
698 1696 885 1737 remitti.‘
934 1696 1042 1736 Dicit
1063 1695 1206 1745 etiam,
1235 1696 1350 1748 quod
1374 1695 1720 1748 concupiscentia

83 1771 222 1811 carnis
256 1771 296 1811 in
330 1771 547 1823 baptismo
581 1772 840 1821 remittatur,
886 1785 970 1812 non
1008 1774 1051 1812 ut
1085 1785 1170 1812 non
1203 1771 1270 1822 sit,
1305 1771 1379 1812 secl
1414 1774 1460 1811 ut
1493 1772 1532 1811 in
1566 1784 1719 1824 pecca-

83 1849 173 1887 tum
220 1860 307 1887 non
352 1847 633 1900 imputetur4.
717 1848 861 1888 Manet
918 1850 1079 1898 autem,
1125 1848 1262 1888 donec
1308 1847 1447 1888 omnis
1492 1848 1718 1889 infirmitas

83 1926 271 1973 sanetur,
308 1927 348 1964 et
380 1924 461 1965 hoc
494 1924 679 1976 pertinet
712 1925 766 1965 ad
800 1925 985 1976 primum
1023 1924 1198 1965 modum
1233 1924 1508 1965 remissionis.

224 1999 474 2040 Remittitur
519 2000 646 2041 etiam
693 2003 836 2042 reatus
871 2004 960 2042 tam
994 2001 1264 2052 originalium
1300 2013 1432 2053 quam
1466 2000 1720 2052 superaddi-

82 2078 221 2116 torum
257 2077 297 2116 in
326 2077 541 2129 praesenti
576 2077 672 2127 vita,
708 2078 809 2117 ‹lum
845 2077 1074 2118 levioribus
1095 2077 1245 2129 poenis
1269 2079 1442 2130 peccata
1468 2077 1718 2129 puniuntur,

230 2243 243 2275 1
273 2241 450 2276 redimens
476 2245 618 2286 scripsi.
647 2243 872 2277 redimendas
900 2246 929 2277 A
948 2244 988 2277 B.
1089 2244 1109 2276 2
1137 2243 1325 2276 intercidet
1352 2245 1394 2276 B.
1492 2244 1511 2276 ὃ
1539 2248 1616 2286 [ms-1⁴
1643 2254 1719 2287 pec-

81 2304 159 2335 cato
187 2304 267 2335 add.
292 2306 321 2336 A
351 2305 397 2336 et.
505 2302 525 2335 9
553 2304 588 2335 et
614 2303 718 2345 plena
745 2302 786 2337 fit
812 2303 974 2336 remissio
1005 2305 1043 2338 Β.
1160 2304 1197 2336 17
1226 2305 1349 2336 natum
1380 2305 1421 2338 Α.
1535 2303 1574 2336 19
1603 2303 1719 2336 remit-

82 2361 171 2394 titur
199 2363 239 2396 B.
338 2362 383 2395 22
407 2367 487 2405 pos-t
514 2363 585 2395 tam
614 2364 687 2396 add
708 2364 739 2396 B
766 2365 975 2396 ceterorum.

228 2504 235 2522 ¹
265 2507 325 2539 38.
354 2505 416 2546 Ill,
447 2507 499 2540 11,
530 2509 574 2550 (p.
606 2506 670 2539 107
694 2508 724 2539 J}
751 2505 814 2545 G).

225 2563 237 2581 ‘²
263 2564 308 2598 cf.
337 2565 537 2608 August„
579 2567 712 2598 (s'mn‘rcc
747 2567 838 2599 duas
878 2568 977 2608 epist.
1006 2567 1121 2609 Pelay.
1173 2565 1210 2599 L.
1242 2566 1298 2599 [II.
1327 2577 1355 2600 c.
1384 2566 1415 2599 3.
1443 2577 1475 2601 n.
1504 2566 1523 2598 5
1552 2566 1632 2607 (PL.
1660 2567 1716 2604 44,

83 2624 183 2665 590);
236 2624 443 2669 Baptismus
470 2625 580 2668 igitur
616 2625 728 2658 abluit
755 2625 896 2669 quidem
924 2626 1071 2669 peccata
1097 2625 1214 2658 onmia
1322 2626 1399 2659 sive
1426 2625 1615 2669 originalia
1641 2626 1716 2659 sive

82 2683 325 2727 superaddita.

226 2742 238 2760 ⁵³
264 2744 446 2787 August..
476 2746 526 2777 De
552 2749 650 2787 impr.
681 2749 709 2776 et
737 2755 879 2787 concup.
908 2743 944 2779 L.
973 2744 998 2778 l.
1025 2755 1053 2779 c,
1079 2743 1131 2778 19.
1154 2756 1187 2777 n.
1209 2744 1263 2779 21.
1289 2744 1368 2785 (PL.
1390 2745 1445 2785 44,
1461 2744 1560 2783 426):
1604 2744 1717 2777 Huius

82 2803 391 2847 concupiscentiae
417 2805 554 2837 reatum
581 2804 806 2845 regeneratio
835 2803 911 2836 sola
938 2803 1104 2837 dimittit:
1134 2815 1175 2837 ac
1202 2814 1265 2847 per
1292 2803 1355 2837 hoc
1382 2803 1567 2847 generatio
1593 2803 1715 2838 trahit.

82 2862 179 2903 (nota
218 2862 409 2896 editorum:
447 2861 559 2896 Editi:
598 2874 701 2906 quem
739 2862 924 2905 generatio
960 2862 1095 2903 trahit).
1147 2862 1242 2906 Ergo
1277 2863 1368 2907 quod
1404 2865 1613 2906 generatum
1650 2865 1715 2903 est,

81 2924 322 2965 regeneratur,
350 2924 389 2955 ut
415 2921 591 2962 similiter,
619 2921 702 2965 quia
728 2933 797 2956 non
824 2924 942 2966 potest
968 2922 1082 2963 aliter,
1111 2922 1204 2966 quod
1231 2924 1386 2956 tractum
1414 2925 1478 2964 est,
1500 2922 1715 2956 remittatur.

222 2980 236 2998 ⁴
262 2980 455 3024 August„
511 2983 559 3014 De
604 2984 741 3024 nuptiis
779 2987 808 3015 et
847 2993 990 3025 concup.
1041 2981 1078 3016 L.
1118 2982 1143 3017 I.
1190 2994 1217 3016 c.
1264 2982 1320 3017 25.
1365 2995 1397 3017 n.
1436 2982 1491 3017 28.
1538 2982 1620 3025 (PL.
1659 2982 1715 3021 44,

82 3039 186 3081 430):
309 3040 351 3074 ad
388 3040 476 3074 haec
514 3040 758 3084 respondetur,
797 3041 929 3075 dimitti
969 3040 1293 3085 concupiscentiam
1321 3042 1438 3075 carnis
1464 3042 1498 3075 in
1527 3041 1713 3086 baptism0‚

83 3110 148 3132 non
177 3102 215 3132 ut
241 3111 308 3133 non
335 3101 392 3139 sit,
420 3100 481 3133 sed
510 3103 549 3133 ut
575 3102 609 3133 in
637 3101 820 3143 peccatum
850 3112 917 3134 non
946 3100 1151 3145 imputet-ur.

1744 1099 1776 1124 10

1739 1856 1774 1881 20
