2106 3453
22 827 40 852 f.

64 828 106 852 98.

627 258 819 292 Tractatus
844 256 886 293 V.
939 256 990 289 De
1016 256 1262 290 sacramentis.
1674 254 1765 289 117*

131 363 206 401 etc.
231 363 273 401 et
299 360 369 401 illa
404 361 524 410 ,Diaei
549 361 791 414 confitebor‘,
826 360 988 411 ,Adhuc
1021 364 1055 399 fe
1087 360 1268 413 loquente-
1295 359 1450 399 dicum:
1483 373 1563 399 ecce
1589 358 1765 399 «slsum.

131 435 292 477 Omnes
319 437 425 478 istae
449 438 729 479 auctoritates
754 441 795 478 et
816 438 848 478 si
877 450 988 489 quae
1015 435 1173 476 similes
1209 435 1494 485 inveniantur,
1528 437 1626 487 post
1660 435 1765 486 bap-

129 511 303 551 tismum
349 512 653 564 intelliguntur.
726 513 799 553 Vel
844 525 1073 565 possumus
1119 511 1260 552 dicere
1305 511 1420 563 quod
1467 511 1651 551 caecitas
1696 510 1766 550 illa

129 587 284 627 mentis
319 590 359 628 et
392 588 590 640 impietas
624 589 853 630 dimittitur
886 591 927 629 et
954 588 1121 628 deletur
1147 587 1189 627 in
1217 586 1358 627 cordis
1386 586 1655 635 contritione,
1689 586 1764 626 sed

130 663 320 703 debitum
355 666 555 706 aeternae
591 665 894 714 damnationis,
939 664 1096 705 scilicet
1128 666 1287 712 reatus,
1322 664 1568 703 reservatur
1601 664 1642 702 et
1669 664 1765 702 tan-

129 741 219 778 tum
254 739 294 779 in
329 739 546 792 baptismo
580 740 772 782 solvitur.

270 815 346 855 His
378 816 565 857 breviter
598 817 798 865 excursis,
841 816 1000 856 scilicet
1034 815 1085 856 de
1119 814 1322 867 baptismi
1351 816 1354 865 l
1384 813 1766 866 praenuntiatione

129 892 169 930 et
203 903 332 932 causa
367 891 647 932 institutionis
681 893 722 933 et
755 892 893 933 forma
921 894 961 932 et
989 891 1089 943 quid
1118 891 1172 931 sit
1205 893 1525 931 sacramentum
1563 889 1765 941 baptismi

129 969 169 1007 et
207 967 309 1019 quid
348 981 415 1008 res
454 968 727 1019 sacramenti,
774 968 876 1020 quid
919 968 1053 1008 virtus
1092 970 1133 1008 et
1173 967 1289 1019 quod
1329 966 1503 1019 quidam
1551 966 1766 1017 accipiunt

129 1046 447 1084 sacramentum
488 1046 530 1084 et
569 1057 653 1084 non
694 1057 798 1092 rem,
844 1044 914 1084 alii
954 1057 1041 1084 rem
1090 1047 1131 1084 et
1176 1056 1261 1084 non
1307 1044 1626 1084 sacramentum
1672 1044 1765 1091 etc.,

128 1121 290 1160 restat
319 1119 614 1170 videndum,
644 1121 827 1172 quibus
856 1120 920 1160 sit
944 1132 1244 1160 concessum
1271 1118 1611 1159 ministerium
1640 1118 1766 1170 bap-

129 1195 368 1237 tizandi1.
446 1196 707 1237 Concessum
763 1209 952 1248 namque
1003 1195 1214 1248 episcopis
1261 1197 1300 1236 et
1346 1194 1643 1236 sacerdotibus
1689 1195 1764 1244 est,

129 1271 243 1323 quod
281 1272 388 1312 bene
423 1272 702 1324 perpenditur
736 1285 787 1312 ex
818 1271 960 1312 verbis
993 1272 1084 1321 illis,
1120 1284 1232 1323 quae
1259 1270 1468 1311 Dominus
1502 1270 1607 1310 dixit
1640 1269 1766 1310 disci-

128 1347 256 1399 pulis:
292 1347 353 1388 Ite
384 1348 588 1401 baptizate
622 1348 785 1399 (ΜαΐὲΙι.
809 1349 877 1400 528,
898 1348 982 1401 19).
1037 1347 1128 1387 Hoc
1162 1347 1266 1387 dixit
1300 1346 1519 1399 Apostolis
1547 1348 1588 1387 et
1615 1359 1764 1387 eorum

129 1423 460 1466 successoribus,
514 1424 779 1465 Concessum
814 1427 877 1465 est
910 1424 1104 1464 similiter
1136 1423 1389 1464 diaconibus
1424 1424 1465 1463 et
1491 1421 1766 1463 subdiaconi-

130 1499 209 1539 bus
254 1513 383 1541 causa
436 1501 715 1542 necessitatis.
791 1501 914 1541 Unde
960 1500 1246 1542 Gelasius‘2:
1300 1499 1524 1550 ,Diacones
1579 1502 1620 1540 et
1665 1499 1765 1539 sub-

130 1576 299 1617 diaconi
332 1577 583 1618 absentibus
617 1577 827 1630 episcopis
861 1580 902 1618 et
928 1577 1225 1618 sacerdotibus
1258 1576 1478 1628 baptizare
1512 1589 1599 1616 non
1632 1575 1767 1615 aude-

130 1655 218 1702 ant,
260 1653 339 1692 nisi
372 1654 480 1693 forte
514 1656 706 1695 extrema
745 1654 979 1694 necessitas
1013 1653 1265 1694 absentibus
1299 1652 1378 1692 illis
1411 1652 1635 1692 ordinibus
1668 1664 1765 1692 coe-

129 1729 264 1779 gerit‘.
335 1729 597 1770 Concessum
638 1732 701 1770 est
741 1730 871 1771 etiarn
911 1730 1040 1771 laicis.
1118 1729 1242 1769 Unde
1282 1728 1567 1770 Gelasius3:
1616 1728 1766 1777 ,Laicis

129 1805 384 1857 plerumque
411 1805 631 1858 baptizare
659 1819 911 1846 concessum
941 1808 1031 1846 est‘.
1090 1805 1377 1857 ,Plerumque‘
1413 1804 1525 1854 dicit,
1561 1817 1657 1845 cum
1692 1816 1766 1844 ne-
1786 1822 1801 1846 ε

130 1880 305 1922 cessitas
339 1882 580 1922 intervenit.
646 1882 781 1923 Aliter
813 1882 929 1923 nulla
962 1884 1245 1933 praesumant
1278 1881 1458 1922 ratione.
1518 1880 1766 1921 Mulieribus

130 1957 323 1998 similiter
360 1971 613 1999 concessum
660 1961 723 1999 est
761 1959 802 1998 in
845 1959 994 1999 eodem
1037 1958 1216 1999 articulo
1234 1960 1261 1999 4.
1329 1957 1450 1998 Unde
1484 1970 1580 1998 cum
1614 1957 1767 1998 mulier

131 2033 347 2085 quaedam
381 2034 514 2074 filium
554 2047 679 2074 suum
720 2034 967 2086 baptizavit,
1015 2034 1258 2086 quaesitum
1294 2037 1370 2083 est,
1412 2035 1556 2074 utrum
1591 2034 1767 2074 deberet

130 2109 321 2161 separari
355 2122 379 2149 a
412 2109 502 2149 viro
537 2123 615 2150 suo
633 2111 660 2150 5.
724 2110 838 2150 Dixit
870 2110 1123 2160 Gelasius,
1154 2109 1371 2162 'quoniam
1413 2112 1642 2162 propterea
1677 2122 1762 2150 non

131 2188 191 2225 est
227 2185 483 2237 separanda,
518 2185 593 2226 sed
627 2187 768 2238 potius
801 2186 853 2227 de
886 2187 1058 2239 pietatis
1093 2187 1231 2228 officio
1265 2186 1500 2228 laudanda.

273 2262 394 2302 Item
429 2262 560 2303 solet
594 2263 791 2315 quaeri,
835 2263 875 2303 si
902 2263 961 2303 ab
991 2263 1255 2304 haeretico
1290 2263 1538 2315 baptizati
1577 2263 1764 2315 rebap-

131 2337 279 2379 tizari
313 2337 576 2379 debeantffi.
641 2339 749 2380 Dicit
782 2340 1095 2390 Augustinus
1116 2341 1143 2381 7:
1180 2340 1524 2388 ,Sacramentum
1559 2339 1762 2392 baptismi

131 2413 219 2454 sive
263 2427 339 2466 per
383 2414 647 2455 haereticum
689 2415 778 2457 sive
819 2429 893 2468 per
935 2415 1254 2456 schismaticum
1295 2416 1383 2457 sive
1421 2428 1498 2468 per
1531 2415 1764 2468 quemlibet

273 2563 292 2597 3
320 2563 412 2607 quod
439 2574 502 2596 om.
530 2563 573 2598 B.
680 2563 720 2596 11
749 2563 889 2607 quibus]
919 2563 1023 2607 quale
1050 2567 1094 2597 A.
1200 2564 1241 2597 14
1267 2563 1440 2607 apostolis
1469 2564 1509 2599 Β.
1622 2564 1663 2597 19
1690 2575 1766 2597 con-

132 2634 272 2657 cessum
299 2625 334 2656 et
360 2622 519 2657 laicis-B.
575 2622 710 2656 19—20
735 2621 837 2656 laicis
860 2649 866 2656 .
889 2651 895 2658 .
919 2650 924 2656 .
946 2634 1152 2656 concessum
1182 2624 1238 2656 est
1257 2635 1322 2656 om.
1346 2623 1386 2656 Β.
1452 2623 1495 2655 25
1523 2622 1592 2666 est]
1619 2625 1695 2656 erat
1724 2625 1765 2657 B.

133 2683 178 2717 28
205 2694 267 2727 per
294 2695 359 2716 om.
382 2685 423 2716 A.

276 2821 287 2839 1
314 2823 376 2855 SS.
408 2821 446 2861 V,
475 2821 494 2854 S
524 2821 603 2863 (133
619 2821 679 2864 D);
708 2820 949 2860 Rolandus,
976 2831 1008 2864 p.
1037 2820 1115 2855 206.

276 2880 288 2898 '2
314 2880 409 2914 Pan.
441 2880 467 2921 l,
494 2880 556 2920 233
584 2892 613 2914 c.
643 2880 695 2916 19.
723 2880 766 2913 de
792 2891 886 2914 cons.
916 2879 946 2913 d.
973 2880 1006 2914 4.

277 2939 289 2957 ³
315 2940 411 2975 Pan.
438 2940 464 2979 Ι,
493 2940 548 2973 24.
694 2939 705 2956 ⁴
733 2939 834 2972 Pan.
864 2939 888 2980 l,
916 2938 977 2980 253
1006 2938 1051 2974 cf.
1079 2950 1107 2972 c.
1135 2940 1166 2972 4.
1195 2950 1251 2982 qu.
1280 2938 1311 2971 3.
1339 2938 1376 2971 C.
1403 2937 1515 2971 XXX<

316 3001 377 3033 SS.
406 2999 449 3039 V,
476 3000 496 3033 9
525 3000 605 3041 (136
626 2999 681 3037 Β).

275 3058 288 3076 ⁶
315 3061 376 3093 SS.
404 3059 446 3099 V,
474 3059 494 3093 8
523 3059 604 3100 (134
621 3059 674 3099 Α).

280 3117 290 3135 ⁷
316 3130 344 3152 c.
373 3119 425 3152 51.
455 3118 497 3152 de
523 3129 618 3152 cons
647 3118 677 3153 d.
705 3119 738 3152 4.

1790 1058 1820 1083 10

1791 1438 1819 1461 15
