2106 3453
234 943 264 967 10

236 1268 268 1292 15

286 243 376 279 176*
794 244 934 275 Walter
962 251 1033 273 von
1061 242 1107 274 st.
1130 241 1277 272 Viktors
1304 241 1439 273 Sehrift

284 348 394 387 sicut
429 346 660 385 Socratitas
695 346 760 384 vel
795 345 1042 387 Platonitas.
1088 343 1248 382 scilicet
1280 342 1469 381 collectio
1503 339 1684 379 omnium
1718 337 1946 389 proprieta-

284 415 370 452 tum
407 413 624 462 compacta
657 424 708 449 ex
743 410 936 448 omnihus
970 407 1257 447 accidentibus
1285 407 1464 457 partium
1494 408 1577 444 tam
1607 402 1946 443 substantialium

285 490 408 528 quam
454 475 788 521 accidentalium,
835 476 837 524 l
876 475 1009 512 forma
1054 472 1248 511 videlicet.
1293 469 1660 513 dissimilitudinis,
1704 480 1810 519 quae
1850 466 1948 505 facit

286 556 377 581 eum
423 542 634 580 diversum
681 540 732 578 ab
774 539 968 578 omnihus
1011 538 1117 577 aliis.
1198 537 1420 587 Nunquam
1464 535 1570 574 enim
1614 534 1710 572 talis
1760 531 1948 571 collectio

287 609 342 647 ita
384 607 548 657 integra
587 608 627 644 et
666 606 789 656 plena
831 605 869 643 in
911 604 995 642 ullo
1035 603 1115 642 alio
1162 602 1384 652 reperitur.
1449 601 1536 639 Hoc
1571 598 1721 637 dicitur
1754 610 1947 648 persona.

286 672 447 710 Dicitur
481 671 602 709 etiam
640 683 714 720 per
747 682 792 707 se
826 669 929 707 sola.
983 668 1101 706 Nunc
1139 680 1238 705 vero
1273 680 1295 704 a
1326 665 1587 704 naturalibus
1614 664 1663 702 ad
1694 661 1948 711 theologiam

285 740 564 779 transeamus
599 735 792 773 similiter
824 733 1094 783 assignando.
1130 732 1243 782 qnod
1279 731 1485 781 quaedam
1521 728 1803 780 proprietates
1838 728 1948 764 sunt.

289 803 359 840 Est
388 814 595 852 personae
626 802 664 838 et
693 813 771 838 non
800 799 1052 850 personalis,
1088 799 1126 836 et
1155 797 1362 849 quaedam
1391 807 1599 846 personae
1627 795 1667 832 etv
1694 791 1948 843 personalis3

285 879 491 918 personae
526 868 564 904 et
602 878 679 903 non
714 864 964 915 personalis.
1000 862 1120 901 sicuti
1156 864 1220 900 est
1255 861 1466 900 divinitas.
1502 872 1610 910 qnae
1644 857 1825 896 omnium
1859 868 1949 906 per-

287 945 482 971 sonarum
519 930 751 969 communis
786 932 862 968 est.
928 929 1042 967 Sicut
1077 927 1186 966 enim
1221 926 1439 965 divinitate
1473 925 1600 963 Pater
1633 924 1696 961 est
1729 922 1860 970 Deus,
1894 920 1951 959 ita

287 997 477 1047 singulae
525 1008 744 1046 personae.
818 993 1061 1032 Personalis
1104 991 1343 1043 proprietas
1390 992 1454 1029 est
1498 987 1745 1039 paternitas,
1791 984 1949 1029 filiatio.

287 1055 461 1101 conexio
495 1061 746 1110 utriusque‘.

428 1127 568 1165 Item:
615 1124 771 1171 ‚Vere1
803 1123 931 1174 igitur
966 1125 1006 1162 et
1040 1121 1244 1161 catholice
1278 1121 1466 1159 dicamus
1502 1119 1634 1157 Deum
1669 1119 1707 1156 et
1744 1115 1951 1155 hominem

288 1206 367 1231 non
412 1204 506 1230 esse
548 1192 692 1241 partes
727 1189 894 1234 Christi,
938 1188 1132 1239 qumiiam
1179 1186 1279 1225 nihil
1314 1185 1468 1224 Christi
1506 1184 1617 1222 Deus
1661 1184 1725 1221 est
1770 1183 1808 1220 et
1852 1180 1949 1219 nihil

290 1256 442 1296 Christi
479 1258 543 1294 est
578 1255 714 1293 homo.
779 1254 863 1292 Iam
899 1253 1006 1291 enim
1042 1264 1141 1303 pars
1176 1251 1316 1301 aliqua
1355 1251 1487 1288 totum
1519 1248 1521 1298 Ι
1552 1260 1672 1286 suum
1716 1248 1844 1285 esset.
1909 1245 1951 1283 Si

290 1323 545 1373 opponatur:
593 1318 798 1358 Divinitas
832 1317 985 1356 Christi
1021 1319 1085 1355 est
1118 1315 1276 1366 aliquid
1311 1313 1480 1359 Christi,
1522 1315 1561 1351 et
1595 1312 1684 1362 ipsa
1720 1312 1785 1349 est
1818 1310 1951 1355 Deus:

289 1400 389 1437 ergo
424 1385 579 1437 aliquid
611 1383 763 1423 Christi
799 1385 863 1421 est
889 1383 1016 1427 Dens.
1057 1381 1345 1432 respondeo‘2:
1390 1379 1518 1417 Immo
1553 1380 1751 1427 tanquam
1787 1375 1837 1413 de
1872 1374 1952 1413 alio

289 1454 330 1491 et
363 1452 443 1490 alio
477 1453 603 1501 atque
639 1449 806 1487 diverso
840 1449 989 1498 loquar
1023 1447 1073 1485 de
1107 1447 1195 1484 Deo
1236 1448 1276 1484 et
1316 1445 1366 1483 de
1400 1443 1648 1482 divinitate‘.
1714 1440 1951 1479 Secundum

289 1519 571 1568 Augustinum
619 1514 825 1554 .s311ristus
866 1514 1031 1551 constat
1069 1524 1119 1550 ex
1165 1511 1247 1549 Deo
1287 1512 1329 1548 et
1367 1508 1554 1547 homine:
1608 1507 1667 1545 sic
1707 1504 1954 1554 intelligitur

292 1596 369 1622 non
406 1595 455 1620 ex
492 1594 540 1619 eo
574 1580 684 1630 quod
714 1579 842 1624 Deus,
877 1591 956 1616 non
993 1590 1045 1615 ex
1079 1589 1126 1615 eo
1161 1575 1270 1626 quod
1305 1574 1443 1618 hoino,
1478 1573 1552 1611 sed
1588 1585 1639 1610 ex
1668 1570 1885 1609 divinitate
1914 1571 1954 1607 et

290 1647 563 1686 humanitate.
629 1645 690 1683 Ex
727 1644 790 1682 his
824 1643 968 1693 utique
1003 1641 1228 1680 constat‘3.

434 1711 549 1757 ,Item
597 1709 709 1748 non4
757 1710 822 1746 est
863 1709 1036 1746 naturae
1075 1706 1233 1756 aliquid
1273 1717 1412 1754 agere,
1459 1703 1531 1741 sed
1576 1713 1795 1753 personae,
1847 1699 1955 1737 sicut

292 1780 467 1817 naturae
501 1789 580 1814 non
616 1777 681 1814 est
713 1775 900 1824 gignere,
936 1773 1009 1811 sed
1044 1773 1279 1822 personae‘.

433 1842 573 1880 Item:
621 1839 711 1887 ‚Si5
757 1839 988 1876 dixerimus
1035 1839 1240 1879 naturam,
1287 1847 1394 1885 quae
1441 1832 1673 1871 communis
1719 1832 1783 1869 est
1829 1829 1953 1868 trium

257 1920 266 1931 ³
290 1919 582 1960 personarum,
627 1904 811 1955 genitam
847 1916 956 1949 esse,
1004 1902 1148 1953 procul
1187 1900 1313 1939 dnbio
1355 1900 1501 1937 natura
1542 1896 1682 1947 genita
1716 1896 1841 1934 Pater
1875 1907 1953 1933 non

292 1975 369 2017 est,
406 1973 529 2010 immo
563 1984 587 2008 a
621 1972 769 2007 natura
802 1968 941 2006 Patris
976 1980 1083 2017 qnae
1119 1979 1196 2004 non
1233 1967 1297 2004 est
1330 1963 1484 2014 genita,
1520 1962 1599 2000 alia
1633 1963 1726 1999 est‘.

434 2034 662 2077 Catholissa.
739 2032 834 2087 Cap.
858 2031 920 2073 II:
968 2031 1244 2070 Hilarinsss:
1300 2029 1420 2075 ,Ecce
1468 2041 1544 2066 non
1593 2025 1780 2064 desernit
1832 2025 1955 2062 natus

292 2103 406 2141 Deus
442 2103 614 2140 naturae
648 2111 750 2137 suae
783 2097 1099 2148 proprietatem.
1140 2098 1181 2134 et
1215 2093 1394 2133 naturali
1428 2093 1465 2130 in
1500 2092 1625 2129 Patre
1656 2089 1658 2140 Ι
1691 2090 1843 2128 virtute
1877 2089 1954 2133 est,

293 2167 412 2206 cuius
447 2166 484 2204 in
520 2178 565 2204 se
599 2166 714 2203 tenet
749 2162 926 2201 naturali
963 2161 1180 2200 nativitate
1214 2160 1433 2198 naturam‘⁴
1496 2155 1810 2205 Augustinus
1845 2165 1955 2191 con-

294 2235 370 2271 tra
407 2230 715 2270 Felicianum
736 2228 766 2266 ⁷:
815 2226 1060 2270 ,Fatendum
1096 2225 1170 2263 tihi
1204 2226 1269 2263 est
1302 2236 1353 2261 ex
1388 2220 1625 2261 substantia
1657 2219 1797 2258 Patris
1831 2217 1955 2256 exsti-

297 2297 397 2337 tisse
432 2295 595 2340 Filium.
631 2294 665 2331 si
700 2294 738 2331 et
776 2294 897 2330 natus
931 2293 971 2329 et
1005 2291 1119 2329 Dens
1152 2292 1230 2335 est,
1273 2290 1344 2326 aut
1377 2286 1524 2325 Filium
1559 2284 1717 2335 pariter
1750 2285 1791 2322 et
1824 2283 1954 2321 Deum

436 2429 451 2457 1
478 2431 557 2468 past
586 2426 678 2457 sicut
704 2425 785 2456 add.
817 2425 845 2455 A
870 2424 900 2455 Β
926 2425 986 2453 est.
1110 2420 1313 2452 Socracitas
1342 2419 1371 2450 A
1394 2417 1433 2448 H.
1565 2419 1582 2447 5
1611 2415 1702 2454 ullo]
1730 2414 1833 2445 nullo
1860 2413 1891 2444 A
1913 2412 1954 2449 B,

293 2481 448 2520 reperiri
476 2482 591 2519 potest
620 2480 649 2511 A
675 2478 714 2509 Β.
848 2478 865 2507 6
894 2476 1036 2507 Dicitur
1062 2474 1169 2505 etiam
1198 2484 1261 2505 om.
1291 2473 1332 2504 A.
1362 2471 1496 2502 dicitur
1522 2469 1619 2499 enim
1646 2475 1802 2507 persona
1829 2474 1896 2505 per
1921 2473 1957 2496 se

294 2535 371 2565 sola
400 2534 441 2566 R.
540 2531 744 2570 theologica
774 2531 801 2562 A
824 2530 864 2561 B.
966 2531 982 2559 7
1011 2527 1218 2567 proprietas
1244 2528 1295 2556 est
1321 2526 1352 2557 A
1377 2525 1415 2556 Β.
1517 2524 1554 2553 11
1585 2521 1753 2560 singulae
1780 2526 1957 2558 personae

294 2586 526 2626 personalis.
551 2610 557 2616 .
579 2609 585 2615 .
615 2586 645 2616 A
670 2584 708 2615 B.
834 2584 873 2614 13
903 2582 949 2621 et]
979 2584 1087 2619 atque
1114 2581 1143 2612 A
1170 2579 1209 2611 Β.
1338 2579 1377 2608 15
1402 2580 1483 2618 post
1508 2578 1597 2606 esset
1623 2574 1706 2606 «dd.
1734 2574 1763 2605 A
1789 2573 1818 2604 Β
1845 2572 1956 2602 immo

296 2641 460 2672 Christus
486 2641 537 2670 est
564 2639 683 2668 homo.
785 2638 824 2667 17
854 2634 1072 2675 respondeo]
1101 2633 1182 2664 (lico
1212 2632 1241 2664 A
1266 2631 1305 2663 R.
1406 2631 1447 2661 26
1477 2629 1597 2659 aliena
1625 2630 1655 2659 A
1677 2626 1719 2658 Β.

440 2750 450 2768 ¹
478 2752 539 2784 SD
565 2760 598 2790 p.
629 2751 693 2781 68*
723 2760 756 2781 V.
785 2751 839 2780 20.

440 2802 452 2820 ‘²
479 2806 550 2837 Hie
576 2808 700 2836 (truc-tor
720 2813 842 2845 paucar
868 2802 1007 2843 omittit,
1034 2801 1125 2832 sicut
1153 2803 1182 2830 et
1207 2798 1311 2839 *infra
1333 2800 1435 2838 post:
1463 2796 1507 2825 de
1534 2794 1738 2825 divinitate.

437 2855 449 2874 3
476 2858 537 2890 SD
564 2866 597 2896 p.
621 2857 686 2887 69*
715 2865 749 2887 v.
773 2858 809 2886 7:
839 2856 894 2886 Ex
921 2854 976 2884 his
1002 2853 1130 2891 utique
1157 2852 1296 2882 constat
1322 2858 1395 2879 non
1422 2851 1598 2886 tanquam
1623 2855 1667 2877 ex
1689 2846 1867 2885 partibus,
1894 2845 1955 2875 sed

297 2916 474 2951 tanquam
502 2919 546 2941 ex
574 2909 725 2940 naturis.

436 2962 451 2980 4
477 2963 538 2995 SD
564 2972 597 3002 p.
627 2963 692 2993 57*
721 2971 754 2993 v.
784 2962 838 2991 15.
985 2957 997 2975 ⁵
1025 2959 1086 2991 SI)
1113 2967 1146 2996 p.
1175 2957 1240 2987 60*
1269 2965 1302 2987 v.
1332 2957 1362 2986 5.

439 3015 452 3032 ‘⁵
479 3015 706 3055 Hilaritis‚
730 3015 787 3047 >De
817 3014 994 3046 Trint'tate
1019 3012 1097 3042 Lib.
1126 3011 1188 3041 IX.
1217 3019 1250 3040 n.
1280 3010 1334 3039 36.
1364 3008 1441 3046 (PL.
1473 3008 1526 3046 10,
1548 3006 1679 3044 30813).

441 3066 452 3085 ⁷
483 3068 614 3101 Contra
652 3067 760 3099 Felice.
794 3067 835 3098 de
869 3067 1002 3098 mze'tate
1038 3064 1230 3096 Trinitatis
1262 3062 1339 3094 Lib.
1372 3070 1467 3093 wms
1499 3060 1552 3091 St.
1581 3057 1831 3098 Augustino
1864 3056 1956 3086 falso

298 3122 514 3161 adscriptus.
543 3130 570 3152 c.
599 3121 658 3151 VI.
688 3120 767 3159 (PL.
795 3121 850 3158 42,
875 3119 989 3156 1162).

1970 474 2076 499 113313.

1976 1252 2042 1277 1133
2054 1251 2081 1277 C.

1978 2094 2084 2120 11331).
