2106 3453
473 244 664 278 Tractatus
692 242 752 278 IV.
804 243 855 276 De
881 244 1104 277 sacramento
1131 241 1396 277 incarnationis,
1684 240 1753 274 ,594ᾖ

121 350 237 402 quod
270 349 351 390 hoc
384 348 559 389 nomine
587 349 727 398 ,Deus‘
763 345 1033 399 supponitur,
1068 344 1226 387 scilicet
1253 344 1404 384 Filium
1432 343 1521 394 Dei,
1556 343 1629 396 qui
1655 356 1755 384 vere

120 438 273 478 passus
305 427 381 475 est,
416 426 457 465 et
489 437 574 464 non
609 422 823 464 divinitas.

262 500 371 543 Cui1
405 500 667 542 contrarium
702 499 885 549 videtur,
919 498 1035 551 quod
1063 497 1381 549 Augustinus
1414 497 1515 539 dicit
1547 497 1596 537 in
1625 496 1753 537 libro

123 578 188 618 De
221 577 321 617 fide
354 576 415 618 ad
448 576 652 617 Petrum
672 578 698 616 2.
764 575 866 626 ,Nec
893 574 1093 615 divinitas
1126 573 1265 614 aliena
1292 575 1356 614 est
1378 587 1404 614 a
1432 575 1587 615 natura
1614 572 1753 616 Patris

121 653 359 694 secundum
394 652 450 701 id,
484 651 601 704 quod
636 652 678 691 m
705 651 918 705 principio
950 653 1039 690 erat
1074 649 1111 688 V
1110 649 1247 689 erberni
1277 648 1389 702 (Joh.
1421 650 1457 700 1,
1477 651 1539 700 1);
1571 662 1649 689 nec
1674 648 1755 689 hu-

124 729 310 770 manitas
344 728 433 769 eius
467 728 654 769 alienata
688 729 752 768 est
792 741 817 768 a
859 728 1017 768 natura
1061 725 1212 773 matris
1253 725 1489 766 secundum
1536 724 1592 773 id,
1639 724 1756 777 quod

129 803 306 844 Verbum
354 817 449 843 ecci-0
492 802 648 855 factm
694 806 750 842 est
796 801 908 856 (Jolz.
947 800 1087 854 1,14).
1163 800 1240 841 Illa
1284 800 1396 842 enim
1442 802 1599 841 natura
1645 813 1756 852 quae

123 892 294 932 semper
325 879 469 931 genita
502 881 654 919 manet
696 892 745 919 ex
778 878 919 928 Patre,
963 879 1163 918 naturam
1207 879 1400 917 nostram
1445 875 1536 918 sine
1578 879 1755 929 peccato

123 955 323 1008 suscepit,
357 957 404 995 ut
436 956 686 996 nasceretur
719 967 769 994 ex
802 953 977 1005 virgine.
1042 953 1209 995 Natura
1242 952 1354 996 enim
1383 954 1561 994 aeterna
1588 955 1757 1004 tempo-

123 1031 268 1073 raliter
302 1031 467 1084 concipi
503 1032 542 1071 et
576 1030 692 1071 nasci
727 1043 778 1070 ex
811 1029 985 1070 homine
1018 1029 1265 1071 nullatenus
1297 1031 1457 1081 posset,
1491 1028 1570 1070 nisi
1604 1041 1756 1069 secun-

125 1108 228 1149 dum
262 1106 580 1160 susceptionem
614 1106 807 1147 veritatis
840 1105 1058 1146 humanae
1087 1118 1231 1146 veram
1266 1104 1592 1157 conceptionem
1627 1106 1758 1157 atque

123 1183 391 1225 nativitatem
423 1182 647 1224 ineffabilis
673 1181 715 1222 in
743 1170 1019 1223 sedivinitas
1046 1180 1343 1233 temporaliter
1369 1180 1633 1232 accepisset‘.
1699 1180 1758 1220 Ex

123 1259 204 1301 hac
237 1258 495 1301 auctoritate
531 1258 711 1308 videtur,
743 1257 860 1311 quod
887 1257 1032 1298 divina
1060 1259 1217 1297 natura
1245 1256 1479 1297 humanam
1509 1256 1756 1308 assumpsit.

121 1337 206 1378 Sed
241 1335 518 1377 vehementer
549 1348 627 1376 nos
661 1337 818 1385 movet,
861 1333 977 1387 quod
1010 1347 1107 1376 eam
1140 1333 1345 1385 genitam,
1380 1346 1431 1374 ex
1458 1332 1586 1373 Patre
1619 1334 1758 1374 aeter-

126 1413 280 1454 naliter
313 1415 355 1454 et
388 1426 439 1454 ex
471 1411 646 1452 homine
679 1413 828 1452 natam
862 1410 1159 1463 temporaliter
1190 1409 1305 1460 dicit,
1348 1409 1427 1450 nisi
1462 1409 1569 1450 forte
1602 1411 1757 1450 natura

124 1502 203 1541 pro
236 1501 423 1541 persona
450 1488 517 1529 hic
544 1487 793 1540 accipiatur.
857 1486 983 1537 Quod
1011 1485 1252 1527 ostenditur
1279 1499 1328 1527 ex
1357 1498 1421 1535 eo,
1450 1485 1625 1537 quod-si
1654 1484 1757 1525 illud

130 1567 207 1614 est,
237 1563 444 1615 ,Christus
462 1565 478 1589 3
505 1565 617 1605 Deus
637 1565 839 1605 aeternus
865 1576 915 1604 ac
942 1575 1068 1603 verus
1088 1561 1298 1603 veraciter
1326 1561 1563 1603 secundum
1587 1563 1759 1613 tempus

125 1643 167 1682 et
194 1642 428 1692 conceptus
456 1642 497 1681 et
531 1642 658 1681 natus
686 1652 736 1680 ex
763 1638 940 1691 virgine,
968 1638 1036 1679 illo
1064 1638 1223 1680 scilicet
1249 1638 1338 1679 Deo
1365 1637 1620 1679 naturaliter
1645 1637 1758 1678 facto

262 1789 284 1821 4
311 1787 468 1821 alienata
487 1787 530 1821 A.
628 1787 648 1820 9
675 1787 803 1820 natura
835 1785 941 1827 enim]
975 1797 1066 1829 quae
1099 1784 1191 1819 enim
1225 1786 1402 1818 natural}
1428 1795 1542 1828 neque
1577 1783 1669 1818 enim
1702 1796 1759 1817 na-

122 1849 203 1881 tura
230 1848 452 1889 Falqemeztas.
522 1851 605 1889 post
631 1848 777 1879 aeterna
796 1840 878 1879 (cdd.
898 1846 927 1878 B
948 1846 1055 1888 atque
1074 1846 1177 1887 Fulss.
1200 1846 1307 1888 atque
1330 1843 1461 1878 divina.
1537 1843 1653 1877 9—-10
1671 1845 1759 1876 teni-

122 1905 293 1951 pora-liter
328 1907 357 1939 B
391 1906 496 1949 Fulq,
536 1904 749 1938 naturaliter
766 1906 808 1937 A.
910 1904 950 1938 10
978 1902 1158 1937 ullatenus
1180 1905 1224 1937 W
1236 1904 1342 1945 cmlgs.
1449 1901 1529 1946 nisi]
1556 1915 1623 1936 non
1654 1904 1759 1946 Feclq.

126 1965 261 2000 10-11
289 1964 483 1999 sec-undum
513 1976 577 1998 om.
602 1966 655 2000 W.
758 1964 799 1997 12
826 1962 1071 2007 temporaliter
1102 1974 1167 1996 om.
1200 1964 1251 1996 W.
1353 1962 1488 1996 14-15
1516 1961 1760 2006 aeternaliter]

124 2024 337 2059 naturaliter
366 2026 415 2058 W.
518 2023 655 2057 15—16
682 2024 847 2056 naturam
874 2033 937 2066 pro
964 2032 1116 2066 persona
1141 2020 1198 2055 hic
1225 2020 1380 2065 accipiat
1402 2022 1576 2055 WLomb.

268 2172 279 2190 ¹
305 2173 418 2207 Petr.
446 2172 584 2208 Lonib.
612 2173 705 2206 Sent.
732 2171 754 2206 1.
782 2172 843 2206 ΙΙΙ.
871 2171 902 2206 d.
931 2171 963 2206 5.
990 2182 1019 2206 c.
1050 2171 1082 2204 1:
1119 2170 1194 2204 Cui
1222 2169 1400 2204 videtur
1426 2169 1623 2209 obviare,
1651 2169 1761 2213 quod

124 2232 403 2276 Augustinus
435 2232 498 2266 ait
529 2232 569 2266 in
601 2231 714 2265 libro
747 2230 805 2264 De
837 2230 929 2264 fide
961 2230 1010 2264 ad
1048 2230 1239 2264 Petrum:
1292 2229 1376 2270 ,Nec
1415 2228 1596 2268 divinitas,
1635 2228 1760 2273 inquit,

124 2291 258 2326 Christi
295 2290 412 2326 aliena
458 2293 514 2326 est
551 2303 571 2325 a
608 2292 737 2325 natura
775 2289 904 2330 Patris,
950 2289 1142 2324 secundum
1180 2289 1225 2330 id,
1265 2288 1356 2333 quod
1395 2288 1430 2321 in
1467 2287 1639 2332 principio
1685 2289 1763 2322 erat

125 2351 293 2390 Verbum,
332 2362 397 2385 nec
432 2350 636 2385 humanitas
672 2349 748 2384 eius
785 2349 903 2384 aliena
929 2351 984 2383 est
1011 2360 1031 2383 a
1056 2350 1185 2383 natura
1213 2348 1337 2382 matris
1364 2346 1557 2382 secundum
1584 2346 1629 2388 id,
1669 2347 1761 2391 quod

128 2410 281 2445 Verbum
318 2422 400 2445 caro
438 2410 573 2445 factum
612 2411 678 2444 est.
728 2408 795 2443 Illa
830 2409 924 2443 enim
959 2410 1098 2450 natura,
1139 2419 1229 2452 quae
1255 2418 1396 2451 semper
1421 2406 1545 2450 genita
1570 2408 1692 2440 manet
1717 2419 1762 2440 ex

124 2470 243 2510 Patre,
269 2471 432 2503 naturam
460 2471 618 2503 nostram
645 2468 721 2503 sine
743 2470 890 2513 peccato
917 2467 1077 2512 suscepit
1102 2469 1142 2501 ut
1161 2468 1370 2501 nasceretur
1395 2477 1440 2499 ex
1460 2465 1624 2509 virgine!
1674 2465 1763 2500 Hac

126 2528 401 2563 auctoritate
440 2528 619 2562 videtur
653 2527 787 2568 tradi,
828 2526 938 2571 quod
978 2526 1126 2561 divina
1164 2527 1322 2561 natura
1355 2525 1589 2559 humanam
1616 2536 1762 2560 susce-

126 2588 206 2633 pit;
234 2588 304 2622 ubi
331 2587 617 2622 vehementer
644 2587 811 2620 moveri
849 2597 1102 2631 possumus,
1139 2585 1255 2629 quod
1283 2596 1372 2618 eam
1400 2584 1595 2627 genitam
1623 2586 1763 2619 aeter-

126 2647 295 2681 naliter
330 2658 378 2680 ex
406 2647 537 2680 Patre
570 2646 698 2687 dicit,
737 2645 822 2680 nisi
860 2645 976 2679 forte
1003 2646 1203 2679 naturam
1230 2656 1305 2688 pro
1333 2655 1525 2688 persona
1551 2643 1622 2677 hic
1649 2643 1762 2678 acci-

127 2706 230 2751 piat.
293 2705 502 2750 Alioquin
538 2705 573 2739 si
601 2705 845 2739 dixerimus
871 2707 1072 2739 naturam
1099 2703 1244 2738 tribus
1270 2702 1473 2748 personis
1500 2714 1762 2737 communem

127 2765 322 2808 genitam
362 2776 476 2803 esse,
516 2766 706 2799 occurrunt
731 2764 831 2798 nobis
870 2776 913 2798 ex
953 2763 1115 2804 adverso,
1155 2773 1245 2807 quae
1272 2762 1307 2796 in
1334 2763 1491 2796 tractatu
1519 2762 1560 2796 de
1587 2762 1763 2797 Trinitate

128 2824 372 2865 disseruimus,
408 2824 466 2858 ubi
503 2823 659 2857 diximus
685 2835 754 2857 non
781 2824 946 2857 naturam
972 2825 1148 2862 naturam,
1183 2821 1245 2855 sed
1274 2833 1459 2866 personam
1488 2833 1674 2866 personam
1703 2833 1763 2865 ge-

128 2884 258 2919 nuisse.
311 2883 418 2925 Quia
453 2883 488 2917 si
523 2885 680 2917 natura
706 2882 938 2926 genuisset
964 2884 1180 2922 naturam,
1214 2892 1305 2914 cum
1333 2892 1414 2914 una
1441 2880 1678 2925 eademque
1705 2880 1765 2914 sit

128 2945 287 2977 natura
311 2942 568 2983 Trinitatis,
596 2942 743 2976 eadem
764 2953 833 2976 res
854 2953 898 2976 se
921 2942 1055 2986 ipsam
1077 2940 1325 2984 genuisset,
1353 2939 1466 2984 quod
1487 2940 1765 2984 Augustinus

129 3001 232 3035 fieri
260 3013 390 3046 posse
417 3004 560 3045 negat.

273 3060 286 3077 '²
311 3060 450 3104 Fulg.:
499 3063 550 3095 De
572 3062 641 3104 fide
667 3062 714 3094 acl
742 3062 882 3095 Petrum
909 3071 937 3095 ο.
965 3059 1008 3094 ΙΙ.
1037 3072 1068 3094 n.
1100 3059 1142 3093 14
1170 3058 1249 3101 (PL.
1264 3059 1321 3099 40,
1339 3059 1430 3099 757).

275 3118 286 3136 ²³
313 3118 410 3160 Quae
431 3121 628 3164 sequuntur
647 3119 834 3163 desumpta
855 3121 939 3153 sunt
959 3131 1002 3152 ex
1019 3117 1271 3161 Fulgentio,
1296 3120 1347 3151 De
1365 3119 1433 3160 fide
1453 3120 1501 3151 ad
1515 3119 1668 3151 Petrum.
1683 3117 1762 3153 L.c.

1778 1044 1810 1068 10

1782 1427 1812 1451 15
