2106 3453
505 227 695 266 Tractatus
721 226 780 268 l'V.
832 226 884 265 De
910 230 1134 266 sacramento
1161 226 1428 266 incarnationis.
1713 225 1784 265 65*

295 336 338 376 Si
381 337 627 388 opponatur
671 336 724 376 de
762 335 832 377 illa
878 335 1154 376 auctoritate:
1201 335 1263 375 Ex
1307 348 1393 388 quo
1440 335 1626 375 Verbum
1662 337 1783 375 tuum

152 410 257 451 mibi
291 424 461 463 semper
494 410 658 451 unitum
695 413 771 461 est,
805 424 891 451 non
925 424 1018 451 sum
1052 410 1163 460 talis,
1203 410 1352 462 quales
1386 410 1515 451 ceteri
1548 410 1784 459 hominesl,

154 486 332 527 dixerim
375 500 468 527 eam
514 487 654 528 facere
695 499 773 539 pro
817 500 897 527 me.
962 486 1135 536 Quaero
1178 485 1306 535 enim,
1348 485 1443 538 quis
1485 486 1706 538 loquatur3
1750 485 1784 525 si

154 574 338 613 persona
375 561 575 614 loquitur,
609 564 651 603 et
682 575 782 603 vere
808 562 1009 614 loquitur,
1044 562 1275 612 interrogo,
1310 560 1412 613 quid
1447 561 1548 601 illud
1576 561 1784 612 designet,

150 650 380 689 personam
416 637 731 688 velanaturam,
780 641 822 679 et
855 637 957 690 quid
995 637 1077 678 hoc
1115 650 1273 677 nomen
1311 637 1526 687 ,Verbum‘
1568 637 1784 689 importet,

150 725 379 765 personam
424 713 490 754 vel
533 716 748 755 naturam.
813 713 859 756 Si
900 713 1067 754 dicatur
1108 712 1365 754 vocabulum
1410 712 1522 753 istud
1565 712 1783 772 ,Verbum‘

151 791 193 829 et
225 789 327 829 mihi
360 789 539 830 denotat
571 802 817 842 personam,
857 802 959 841 ergo
992 802 1205 841 personae
1239 802 1425 841 persona
1457 788 1592 829 unita.
1657 788 1783 837 Quod

150 865 251 917 quia
285 865 521 906 errantium
569 868 645 916 est,
685 865 927 906 necessario
960 865 1031 905 illa
1072 865 1283 905 vocabula
1323 864 1484 905 faciunt
1529 864 1569 905 in
1615 866 1784 914 natura,

151 943 197 980 ut
231 940 346 981 dicat
379 940 576 981 Christus
610 941 746 982 Patri:
788 941 848 981 Ex
882 953 946 991 eo,
982 940 1096 993 quod
1133 940 1337 989 Verbum,
1380 940 1422 981 id
1465 943 1528 981 est
1569 940 1784 991 divinitas,

151 1016 253 1056 mihi
288 1016 329 1056 in
364 1017 446 1058 mei
487 1017 773 1067 humanitate,
817 1030 903 1058 non
942 1030 1038 1057 sum
1073 1017 1170 1073 talis
1202 1019 1281 1058 etc.
1346 1016 1486 1063 Hanc,
1509 1019 1652 1058 autem
1698 1029 1785 1057 non

149 1097 241 1143 ego,
287 1092 730 1146 sedAugustinus
776 1092 877 1134 facit
922 1092 1233 1145 expositionem
1279 1105 1409 1144 super
1450 1092 1579 1140 illum
1612 1105 1784 1141 versum

120 1197 122 1199 >
148 1167 474 1209 Psalmistae:
508 1168 573 1208 Ne
604 1169 724 1209 sileas
755 1183 781 1208 a
813 1182 874 1208 me
907 1168 992 1221 (Ρὸ.
1026 1169 1096 1220 27,
1117 1168 1171 1221 1),
1209 1168 1246 1208 id
1277 1171 1353 1218 est,
1388 1181 1442 1209 ne
1469 1164 1783 1209 humanitatem

148 1257 323 1296 separes
357 1245 411 1286 ab
447 1258 511 1294 eo,
546 1244 662 1297 quod
696 1244 826 1285 homo
860 1257 970 1293 sum,
1005 1244 1163 1285 scilicet
1196 1244 1466 1290 humanitate
1485 1246 1512 1285 2.

296 1320 364 1361 Sic
408 1322 749 1373 ergo-apparet,
796 1320 912 1373 quod
957 1320 1048 1360 Filii
1090 1321 1164 1361 Dei
1208 1333 1395 1372 persona
1437 1331 1525 1367 <non
1572 1320 1786 1372 aliquibus

151 1395 272 1438 unita
307 1409 385 1437 nec
418 1396 563 1449 aliqua
596 1397 647 1447 ei,
688 1397 762 1437 sed
803 1397 884 1437 tria
917 1398 1027 1451 sunt
1050 1395 1092 1436 in
1127 1409 1176 1437 eo
1217 1396 1350 1446 unita,
1392 1396 1500 1436 sieut
1541 1395 1642 1436 dicit
1685 1396 1786 1444 Au-
1825 1419 1840 1442 5

150 1471 433 1523 gustinusss:
464 1472 578 1522 ,Tria
593 1474 692 1513 sunt
715 1472 755 1512 in
772 1472 959 1513 Christo:
987 1472 1189 1521 Verbum,
1206 1471 1352 1513 anima
1374 1473 1416 1511 et
1436 1473 1565 1520 caro‘.
1601 1471 1786 1512 Nomine

150 1547 278 1588 Verbi
311 1548 560 1598 intelligitur
593 1548 660 1589 hic
692 1550 861 1598 natura,
897 1561 982 1588 non
1010 1560 1209 1599 persona,
1243 1547 1432 1599 alioquin
1464 1559 1650 1599 persona
1679 1547 1787 1597 foret

148 1623 188 1664 in
223 1624 531 1664 constitutione
573 1637 797 1676 personae.
862 1623 988 1665 Unde
1029 1624 1137 1664 alius
1180 1626 1337 1669 auctor
1374 1623 1494 1664 dicit:
1537 1623 1643 1664 Tres
1673 1624 1786 1674 ‚sub-

151 1699 336 1741 stantiae
369 1702 468 1740 sunt
501 1700 542 1740 in
576 1700 764 1741 Christo:
800 1700 944 1741 divina
977 1699 1233 1749 substantia,
1269 1699 1415 1740 anima
1437 1701 1490 1740 'et
1522 1712 1621 1740 caro
1638 1700 1666 1740 4.

290 1776 331 1817 4.
377 1775 624 1828 Sequitur
667 1776 958 1826 videndum,
1008 1775 1127 1827 quid
1171 1788 1441 1816 assumens
1483 1775 1676 1815 factum
1720 1775 1820 1820 sit2

147 1865 234 1904 per
277 1852 625 1894 humanitatis
671 1852 1090 1905 assumptionem.
1165 1852 1347 1899 Factus¹
1375 1852 1440 1891 est
1485 1863 1609 1891 verus
1655 1851 1785 1891 1101110

147 1927 266 1968 iuxta
299 1927 421 1968 illud:
469 1927 645 1967 Verbum
677 1942 773 1967 caro
802 1927 963 1979 factum
997 1931 1052 1967 est
1086 1927 1197 1980 (Jole.
1235 1929 1271 1978 1,
1292 1925 1376 1980 14).
1441 1926 1566 1974 Unde
1606 1929 1647 1967 et
1685 1926 1785 1967 alibi

151 2004 305 2045 dicitur
323 2005 355 2045 5:
392 2003 598 2054 ,Manens,
633 2004 748 2056 quod
776 2007 881 2054 erat,
917 2003 1053 2045 factus
1088 2005 1164 2053 est,
1199 2003 1315 2055 quod
1341 2015 1428 2043 non
1456 2004 1570 2064 *erat3
1607 2015 1786 2043 manens

292 2130 305 2163 1
335 2130 364 2163 si
401 2129 647 2174 opponiturA.
771 2129 791 2162 2
830 2129 952 2162 unitur
981 2131 1020 2164 R.
1068 2120 1070 2122 ¹
1119 2129 1139 2162 5
1167 2128 1264 2173 quid]
1299 2127 1466 2172 quicquid
1496 2130 1537 2163 B.
1638 2128 1656 2160 7
1685 2127 1785 2161 deno-

146 2191 241 2222 taret
269 2190 310 2222 B.
409 2190 573 2233 persona]
614 2200 697 2233 pars
714 2191 756 2222 A.
854 2188 874 2222 8
902 2187 1110 2232 errantium]
1145 2187 1361 2221 haereticum
1386 2189 1427 2222 R.
1529 2187 1570 2221 lO
1598 2187 1630 2220 id
1663 2189 1719 2220 est
1750 2188 1784 2221 in

146 2260 202 2282 me
230 2247 452 2281 humanitate
473 2248 541 2282 mei
566 2250 606 2281 R.
686 2249 727 2281 13
755 2247 788 2281 id
811 2250 866 2282 est
885 2259 947 2292 pro
969 2247 1060 2292 quod
1079 2276 1084 2281 .
1104 2274 1110 2280 .
1127 2274 1133 2281 .
1151 2248 1192 2281 R.
1263 2246 1521 2280 humanitatem
1539 2248 1581 2281 B.
1659 2247 1699 2279 14
1721 2246 1786 2290 sic]

147 2308 176 2341 si
206 2309 248 2343 Β.
322 2318 473 2352 persona
499 2319 552 2341 om
580 2309 621 2342 R.
700 2308 741 2340 15
768 2308 803 2341 in
831 2319 872 2341 ea
899 2309 931 2341 B
958 2307 988 2340 ei
1014 2309 1064 2341 W.
1144 2307 1182 2340 16
1210 2317 1292 2340 caro
1320 2308 1355 2339 et
1382 2306 1501 2339 anima
1522 2308 1574 2340 W.
1650 2306 1691 2339 21
1724 2304 1786 2338 hu-

147 2365 346 2410 manitatis]
373 2366 564 2400 humanam
588 2368 638 2400 W.
720 2360 780 2400 '22
804 2360 885 2409 post
911 2368 967 2400 est
987 2368 1070 2400 αᾱιῖ.
1100 2368 1129 2399 B
1156 2365 1188 2399 id
1212 2368 1268 2399 est
1293 2365 1407 2399 homo.
1505 2364 1551 2398 23
1578 2366 1635 2398 est
1660 2377 1723 2400 am.
1744 2367 1783 2400 Α.

292 2506 303 2523 ¹
330 2507 513 2549 August.
550 2508 687 2541 Εηανν.
727 2508 762 2539 in
791 2507 888 2539 Psal.
916 2508 971 2549 27,
1004 2508 1034 2539 1.
1070 2516 1103 2539 n.
1138 2505 1158 2537 ‘2
1187 2503 1267 2546 (PL.
1295 2504 1350 2544 36,
1373 2504 1474 2545 211):
1533 2503 1585 2536 Ex
1614 2515 1653 2536 eo
1681 2504 1784 2543 enim,

148 2565 239 2610 quod
278 2565 474 2600 aeternitas
506 2565 608 2599 Verbi
636 2565 688 2598 tui
715 2576 784 2598 non
811 2564 1018 2597 intermittit
1045 2563 1143 2598 unire
1171 2575 1210 2597 se
1236 2563 1333 2603 mihi,
1370 2563 1411 2596 fit
1437 2565 1476 2596 ut
1501 2574 1569 2596 non
1597 2562 1662 2596 sim
1691 2562 1784 2603 talis,

148 2624 273 2668 quales
299 2624 419 2660 ceteri.

291 2681 303 2699 '²
330 2683 515 2726 August..
535 2683 573 2718 L.
594 2694 628 2717 c:
682 2682 734 2716 Ne
755 2694 901 2727 separes
919 2682 1095 2716 unitatem
1118 2681 1225 2715 Verbi
1247 2681 1301 2715 tuiv
1318 2681 1361 2715 ab
1382 2693 1433 2722 eo,
1462 2681 1554 2725 quod
1577 2681 1678 2714 homo
1695 2692 1784 2717 sum.

286 2740 298 2759 3
325 2742 369 2778 cf.
398 2742 581 2786 August.
610 2744 663 2776 De
692 2741 910 2777 Trinitate-l.
933 2741 1029 2775 Xlll.
1057 2753 1086 2774 c.
1111 2741 1163 2781 17,
1180 2753 1215 2775 n.
1243 2741 1286 2774 22
1314 2739 1396 2783 (PL.
1419 2740 1475 2781 42,
1500 2740 1618 2779 1031):
1643 2741 1786 2776 ..usic

148 2800 221 2835 Deo
248 2801 414 2844 coniungi
448 2801 565 2845 potuit
591 2801 747 2835 humana
772 2803 913 2841 natura,
946 2803 986 2834 ut
1012 2812 1056 2834 ex
1084 2799 1221 2833 duabus
1247 2799 1462 2833 substantiis
1488 2799 1591 2833 fieret
1616 2811 1686 2833 una
1712 2811 1786 2843 per-

148 2871 245 2901 sona,
272 2872 313 2894 ac
340 2872 402 2904 per
427 2860 493 2894 hoc
518 2860 589 2894 iam
616 2872 661 2894 ex
687 2859 813 2900 tribus,
841 2859 925 2901 Deo,
954 2860 1072 2893 anima
1098 2861 1134 2892 et
1159 2870 1277 2893 carne.

290 2918 303 2936 4
331 2919 426 2953 Haec
465 2923 520 2953 est
554 2920 734 2953 sententia
770 2919 927 2953 secunda
952 2930 973 2952 a
1000 2918 1129 2951 Petro
1159 2917 1396 2951 Lombardo
1425 2917 1466 2950 de
1492 2919 1620 2951 natura
1646 2917 1787 2951 unionis

149 2977 401 3022 hypostaticae
427 2978 628 3023 proposita:
657 2979 751 3013 Seni⁴
778 2978 801 3013 1.
828 2978 889 3012 ΙΙΙ.
918 2977 950 3011 d.
977 2978 1008 3012 6.
1035 2988 1063 3011 0.
1092 2977 1123 3012 3.

292 3036 303 3054 ‘³
330 3037 512 3081 August.
540 3040 586 3071 In
611 3039 692 3071 Joh.
719 3043 821 3072 tract.
849 3040 905 3071 28.
933 3049 964 3071 n.
995 3037 1025 3070 1.
1053 3036 1135 3079 (PL.
1158 3036 1213 3077 35,
1238 3036 1357 3077 1622J:
1386 3036 1536 3070 Manens
1568 3035 1665 3069 Deus
1692 3046 1787 3069 acce-

150 3096 202 3140 pit
228 3095 417 3137 hominem,
446 3096 505 3140 qui
533 3097 619 3130 fecit
645 3096 834 3130 hominem.
903 3096 949 3130 cf.
986 3101 1030 3130 †r.
1051 3098 1106 3129 80.
1132 3107 1166 3129 n.
1197 3095 1211 3128 1
1245 3094 1326 3137 (PL.
1354 3095 1540 3137 35‚1839).
1593 3094 1786 3127 Ambros.

221 3160 394 3193 Beitrage
416 3161 476 3192 VH,
495 3161 572 3185 *2—3.
611 3161 739 3192 Geyer,
760 3161 836 3185 Seut.
858 3160 970 3185 divinit.
1622 3161 1643 3188 Ε·

1810 1040 1840 1064 10
