2106 3453
292 1064 323 1088 10

290 1442 322 1467 15

288 1827 322 1851 20

342 264 385 298 60
395 263 411 281 *
941 264 1146 299 Sententiae
1173 265 1383 299 divinitatis.

342 366 527 407 hominis
565 367 664 418 filio,
705 368 776 420 qui
815 381 926 408 unus
968 370 1029 409 est
1070 368 1323 410 naturaliter
1368 369 1477 409 filius
1524 370 1673 410 unicus
1707 370 1781 411 Dei
1814 371 1968 421 Patris,

341 442 414 495 qui
446 442 639 483 omnium
672 445 925 485 naturarum
960 446 1002 485 et
1040 446 1208 485 creator
1246 447 1287 485 et
1330 445 1530 486 dominus
1571 446 1731 487 creavit
1763 446 1969 499 virginem

342 518 554 560 creandus
586 533 637 559 ex
670 519 858 570 virgine‘.

485 595 591 636 Ecce
624 608 675 636 cx
709 595 772 636 his
805 598 986 649 apparet
1018 610 1145 649 supra
1181 599 1383 639 naturam
1417 610 1494 649 pro
1527 611 1712 650 persona
1740 599 1971 651 accepisse.

344 671 543 724 Alioquin
578 672 610 712 si
639 671 885 723 dixerimus,
921 676 1136 722 naturam,
1171 686 1282 725 quae
1310 674 1551 714 communis
1579 677 1642 715 est
1669 674 1797 715 trium
1824 688 1972 727 perso-

342 760 511 796 narum,
545 747 733 799 genitam
757 761 863 798 esse,
901 748 1049 800 procul
1085 748 1215 789 dubio
1250 751 1400 790 natura
1437 750 1581 801 genita
1614 750 1742 791 Pater
1774 763 1859 791 non
1894 754 1971 801 est,

342 824 475 864 immo
508 837 533 864 a
567 826 721 865 natura
764 824 903 866 Patris
945 838 1056 877 quae
1096 838 1181 865 non
1216 828 1279 865 est
1321 826 1478 876 genita,
1522 826 1661 867 aliena
1708 828 1783 867 est.
1847 827 1973 868 Nulla

342 899 456 940 enim
491 913 557 940 res
598 902 661 940 est
702 913 813 952 quae
855 914 901 941 se
945 900 1080 953 ipsam
1115 913 1321 951 generare
1362 901 1509 953 possit,
1555 905 1602 943 ut
1646 902 1757 943 idem
1801 903 1972 954 Augu-

343 975 510 1016 stinus
543 975 602 1015 ait
634 976 680 1015 in
715 976 876 1027 primo
910 976 1040 1017 libro
1075 976 1133 1017 de
1162 976 1471 1018 Trinitate1:
1509 977 1649 1028 ,Nulla
1677 991 1743 1019 res
1771 980 1835 1019 est
1862 992 1973 1031 quae

343 1064 387 1091 se
421 1051 557 1103 ipsam
592 1054 795 1102 ξξθηθΓθῖ.ί
859 1051 1063 1092 Similiter
1104 1055 1144 1093 et
1188 1052 1288 1093 illud
1333 1054 1388 1094 ad
1430 1067 1657 1106 personam
1702 1054 1972 1095 referendum

343 1129 406 1168 est
452 1126 567 1179 quod
613 1127 729 1168 idem
776 1126 1099 1179 Augustinus
1146 1129 1460 1181 subsequenter
1504 1130 1581 1170 ait:
1634 1129 1703 1171 Sic
1756 1130 1973 1171 Christum

342 1203 492 1243 Filium
528 1203 617 1253 Dei,
658 1202 699 1243 id
733 1205 798 1244 est
830 1216 961 1244 unam
996 1217 1046 1244 ex
1079 1203 1289 1246 Trinitate
1321 1218 1551 1257 personam
1576 1206 1711 1246 Deum
1744 1206 1882 1256 crede,
1926 1209 1971 1247 ut

343 1279 610 1321 divinitatem
652 1279 704 1320 de
737 1282 893 1321 natura
928 1280 1067 1321 Patris
1112 1283 1258 1321 natam
1303 1294 1396 1322 esse
1437 1294 1522 1322 non
1566 1281 1749 1323 dubites.
1813 1281 1973 1322 Divini-

343 1355 442 1398 tatis
475 1369 634 1396 nomen
668 1355 723 1397 ad
756 1369 985 1408 personam
1020 1356 1216 1397 retulisse
1250 1357 1394 1398 voluit.

488 1432 526 1472 3.
579 1431 825 1484 Sequitur
874 1431 1170 1482 videndum,
1223 1432 1300 1473 cui
1351 1433 1495 1474 unita
1546 1433 1647 1474 sint
1704 1446 1833 1485 quae
1893 1447 1974 1475 as-

342 1509 546 1559 sumpta
579 1510 708 1548 sunt.
774 1507 869 1548 Non
898 1507 1038 1548 Verbo
1071 1521 1296 1560 personae,
1330 1509 1405 1549 sect
1432 1511 1613 1550 naturae
1640 1509 1681 1550 in
1712 1509 1850 1550 Verbo
1878 1523 1974 1561 per-

342 1597 463 1624 sona.
527 1583 653 1633 Quod
696 1586 841 1624 autem
890 1583 1076 1624 Verbum
1131 1584 1210 1624 sihi
1252 1597 1337 1624 non
1380 1584 1515 1625 univit
1557 1598 1728 1626 carnem
1775 1585 1838 1626 vel
1881 1584 1973 1626 ani-

343 1674 472 1710 mam,
507 1660 565 1701 sic
597 1660 808 1713 probatur
839 1662 948 1701 teste
981 1660 1199 1702 Boethio
1233 1663 1412 1702 contra
1444 1661 1757 1703 Nestorium:

487 1736 681 1788 Duplex2
713 1738 778 1777 est
810 1736 965 1777 modus
998 1736 1168 1777 unionis
1202 1738 1244 1777 et
1276 1736 1431 1778 diversi
1464 1739 1564 1778 sunt
1597 1737 1713 1777 modi
1745 1737 1825 1778 sihi
1864 1737 1969 1778 invi-

343 1826 434 1854 cem
469 1812 768 1864 coniungendi.
834 1812 928 1854 Alia
969 1812 1143 1865 quidem
1184 1826 1261 1866 per
1303 1813 1673 1866 compositionem,
1720 1827 1771 1855 ex
1817 1814 1972 1866 quihus

342 1902 475 1929 unum
509 1888 669 1941 aliquid
704 1889 763 1938 fit,
807 1888 891 1930 alia
923 1901 998 1940 per
1040 1889 1177 1930 solam
1220 1889 1550 1942 appositionem,
1595 1903 1644 1931 ex
1686 1890 1841 1943 quihus
1884 1903 1971 1931 non

341 1966 388 2005 fit
422 1977 573 2013 unum3
608 1977 720 2016 quae
756 1977 854 2005 vero
887 1977 965 2017 per
997 1965 1366 2017 compositionem,
1401 1966 1484 2007 alia
1516 1979 1593 2018 per
1619 1966 1969 2007 commixtionem

340 2040 515 2081 alterius
544 2040 605 2082 vel
634 2040 870 2093 utriusque,
898 2040 982 2082 alia
1009 2041 1099 2082 sine
1126 2041 1442 2083 commixtione.
1496 2042 1578 2083 Per
1604 2042 1972 2093 commixtionem,

480 2157 502 2189 4
529 2166 637 2199 supra
674 2168 738 2189 om.
758 2158 785 2188 A
813 2167 875 2199 pro
911 2165 1062 2198 persona
1099 2158 1241 2199 scripsi.
1279 2159 1513 2199 personamA
1533 2158 1571 2191 B.
1671 2156 1687 2189 7
1728 2167 1749 2189 a
1784 2155 1924 2199 natura]
1953 2168 1973 2190 a

340 2227 404 2249 om.
423 2217 463 2250 A.
562 2214 689 2256 aliena]
718 2213 787 2248 alia
809 2217 859 2248 W.
962 2214 1002 2248 10
1030 2216 1065 2248 et
1091 2213 1189 2256 illud]
1218 2216 1254 2248 et
1280 2226 1344 2248 om.
1362 2217 1403 2250 A.
1504 2216 1543 2249 11
1574 2204 1778 2250 est'0»2.13.
1878 2214 1970 2249 idem

338 2274 421 2307 inde
436 2276 479 2308 A.
588 2272 651 2316 sic]
679 2273 707 2306 si
725 2275 766 2308 A.
880 2272 921 2306 12
948 2272 1063 2307 credis
1078 2276 1121 2308 A.
1234 2273 1275 2307 13
1302 2275 1421 2308 nat-am
1449 2285 1513 2308 om.
1531 2277 1573 2309 A.
1684 2275 1724 2308 15
1751 2275 1850 2308 unita
1877 2285 1970 2318 quae

341 2334 525 2377 assumpta
562 2334 617 2366 est
647 2334 675 2366 Β
716 2332 816 2366 unita
854 2334 1038 2376 assumpta
1060 2334 1109 2368 W.
1236 2332 1371 2367 16-17
1409 2344 1561 2378 persona
1582 2335 1628 2367 W
1660 2344 1846 2378 personam
1882 2335 1970 2367 AB.

345 2393 384 2426 17
412 2391 504 2436 quod
531 2393 650 2425 autem
678 2391 824 2425 verbum
850 2393 881 2425 R
902 2394 946 2425 W
965 2391 1058 2433 quod
1086 2391 1231 2425 verbum
1259 2394 1377 2426 autem
1394 2395 1436 2427 A.
1538 2393 1578 2426 19
1606 2394 1642 2426 et
1667 2404 1732 2426 one.
1763 2395 1803 2426 Β.
1903 2392 1971 2426 sibi

340 2451 504 2493 invicem]
533 2450 568 2484 in
593 2450 741 2485 uniones
768 2450 1004 2493 coniungendi
1025 2452 1067 2486 B.
1165 2450 1210 2484 20
1237 2451 1306 2485 alia
1326 2452 1359 2484 B
1388 2452 1481 2486 Ga'lh.
1507 2451 1598 2486 alius
1620 2454 1660 2488 Α.
1772 2451 1817 2485 22
1843 2452 1914 2486 alia
1941 2454 1972 2485 B

344 2510 435 2545 Gesslb.
463 2509 554 2543 alius
580 2512 635 2543 est
661 2513 702 2543 A.
802 2509 845 2543 23
872 2509 1042 2544 alterius.
1058 2521 1167 2554 ..per
1192 2510 1482 2544 commixtionem
1509 2522 1573 2546 om.
1605 2514 1645 2544 A.

487 2613 492 2629 ¹
522 2612 704 2656 August.
732 2614 784 2646 De
808 2614 984 2645 Trinitate
1004 2612 1024 2645 1.
1046 2612 1072 2646 Ι.
1088 2624 1116 2647 c.
1137 2613 1164 2647 1.
1187 2624 1219 2646 11.
1239 2613 1267 2645 1.
1286 2612 1365 2653 (PL.
1381 2612 1437 2653 42,
1457 2612 1556 2653 820):
1590 2613 1696 2647 Nulla
1717 2614 1810 2647 enim
1831 2613 1971 2647 omnino

340 2684 398 2706 res
424 2674 488 2712 est,
516 2683 607 2716 quae
634 2683 671 2706 se
698 2672 812 2716 ipsam
838 2671 966 2715 gignat
992 2674 1030 2705 ut
1055 2672 1113 2705 sit.

483 2730 495 2748 ‘²
520 2730 765 2774 Gilbertus,
803 2733 846 2764 In
884 2732 1011 2764 libi-mn
1040 2732 1092 2764 De
1126 2731 1230 2765 (laceb.
1259 2736 1329 2765 nat.
1358 2736 1387 2764 et.
1424 2743 1496 2765 mea
1526 2744 1623 2774 pers.
1654 2734 1689 2765 in
1721 2733 1861 2766 Christo
1889 2732 1969 2773 (PL.

341 2790 395 2831 64,
420 2790 509 2824 1402
531 2792 562 2823 A
577 2792 641 2831 B):
669 2790 814 2835 Supra.
832 2818 862 2825 ..
885 2789 1018 2824 dictum
1044 2789 1155 2824 fuisse
1181 2790 1354 2830 recordor,
1383 2790 1543 2824 diversos
1569 2802 1649 2825 esse
1677 2791 1799 2825 modos
1826 2790 1969 2826 diversa

341 2848 408 2882 sibi
440 2849 592 2883 invicem
628 2849 874 2893 coniungendi.
925 2849 972 2883 Et
1004 2849 1074 2883 alia
1106 2849 1249 2893 quidem
1276 2861 1338 2893 per
1364 2849 1622 2894 appositionem
1650 2852 1700 2891 (in
1728 2855 1824 2884 textu
1849 2862 1968 2895 appre-

340 2907 573 2950 hensionem),
611 2920 655 2942 ex
682 2908 809 2952 quibus
835 2920 903 2942 non
930 2908 970 2942 fit
996 2920 1114 2948 unum,
1148 2907 1218 2942 alia
1243 2920 1327 2942 vero
1354 2920 1416 2953 per
1441 2908 1742 2953 compositionem,
1770 2920 1814 2943 ex
1841 2910 1970 2953 quibus

342 2978 447 3000 unum
475 2966 608 3011 aliquid
636 2967 685 3008 fit,
723 2967 899 3011 coniungi.
952 2967 1049 3008 Quae
1084 2979 1168 3001 vero
1195 2979 1257 3012 per
1282 2968 1585 3012 compositionem,
1620 2968 1689 3002 alia
1720 2980 1783 3012 per
1808 2968 1968 3003 commis-

340 3025 472 3059 tionem
499 3026 648 3060 alterius
681 3026 738 3060 vel
764 3026 959 3070 utriusque,
994 3026 1064 3060 alia
1089 3027 1165 3060 sine
1191 3027 1459 3061 commistionef
1510 3027 1548 3061 In
1570 3027 1623 3068 iis,
1651 3039 1741 3071 quae
1762 3030 1969 3071 sequuntur,

340 3084 399 3118 ubi
426 3085 603 3125 convenit,
630 3085 738 3119 etiam
758 3086 899 3119 textum
919 3085 998 3119 libri
1026 3085 1202 3119 Boethii
1229 3097 1410 3130 ponemus,
1437 3088 1476 3119 ut
1495 3098 1540 3119 ex
1560 3085 1748 3120 collatione
1767 3098 1845 3120 cum
1866 3088 1968 3120 textu

340 3143 532 3177 Gilberti
559 3147 731 3189 appareat
757 3147 937 3179 auctorem
966 3147 1124 3178 nostrum
1151 3145 1405 3178 commentario
1432 3144 1627 3179 Gilberti
1653 3157 1755 3179 usum
1782 3157 1872 3179 esse.
