2106 3453
297 1058 329 1082 10

297 1436 327 1460 15

292 1813 327 1838 ⁴20

351 251 421 290 80*
947 252 1153 291 Sententiae
1179 254 1390 291 divinitatis.

494 359 770 401 Videamus
817 372 953 411 ergo,
1001 361 1257 412 quomodo
1302 360 1442 401 solus
1487 360 1722 402 Christus
1773 360 1974 402 dicatur

352 435 607 476 meruisse
639 435 734 475 sihi
768 438 816 476 et
849 435 1040 476 nohis1.
1106 436 1171 476 Ad
1211 436 1326 488 quod
1360 436 1592 477 videndum
1632 439 1719 477 tres
1761 436 1850 477 fore
1892 450 1979 477 me-

351 510 473 551 rendi
504 510 708 559 rationes,
742 523 851 562 quas
884 513 1055 563 oportet
1088 510 1128 551 in
1163 510 1308 562 aliquo
1341 523 1595 552 concurrere
1627 511 1683 551 ad
1716 511 1797 551 hoc
1829 514 1876 551 ut
1903 511 1979 552 ali-

351 586 445 639 quis
479 588 712 627 mereatur:
755 588 801 626 ut
833 586 994 638 aliquid
1027 586 1156 627 saciat
1189 588 1230 627 et
1262 599 1366 638 prae
1399 600 1444 626 se
1477 586 1636 628 habeat
1676 589 1911 636 auctorem,
1954 599 1979 626 a

350 676 436 715 quo
469 662 709 715 praemium
745 664 952 714 expectet,
993 664 1034 703 et
1073 662 1262 714 aliquam
1295 663 1479 713 gratiam
1522 663 1684 704 habeat
1727 662 1835 703 bene
1877 676 1979 715 ope-

349 738 487 789 randi,
529 738 764 779 secundum
805 751 936 790 quam
978 750 1134 778 munus
1167 738 1302 790 possit
1343 738 1550 790 accipere.
1614 738 1740 779 Solus
1785 738 1979 779 Christus

349 814 431 856 hoc
462 814 608 855 habet.
671 814 800 855 Pater
832 814 944 855 enim
978 814 1076 855 iicet
1107 827 1152 855 se
1185 817 1361 856 auctore
1394 814 1532 864 faciat,
1566 816 1725 865 tamen,
1763 815 1863 867 quia
1892 827 1978 855 non

349 890 480 931 habet
521 903 625 942 prae
669 903 715 930 se
759 892 1142 936 remuneratorem,
1182 903 1268 931 non
1315 890 1469 942 accipit
1514 890 1768 942 praemium,
1814 903 1892 931 nec
1939 891 1976 930 ei

349 968 492 1019 potest
525 965 754 1007 convenire
787 979 945 1006 nomen
979 965 1185 1007 merendi.
1249 966 1434 1018 Spiritus
1467 970 1640 1018 quoque
1672 968 1848 1007 sanctus
1880 966 1980 1007 facit

350 1056 395 1083 se
437 1044 615 1084 auctore
657 1044 696 1083 et
742 1041 873 1083 alium
916 1041 1047 1083 habet
1089 1055 1194 1094 prae
1238 1055 1296 1092 se,
1343 1042 1384 1082 id
1430 1045 1495 1083 est
1545 1042 1681 1083 Deum
1731 1042 1905 1083 Patrem
1940 1044 1980 1082 et

349 1118 484 1159 Deum
530 1118 697 1168 Filium,
743 1118 818 1158 sed
859 1117 1105 1170 praemiari¹
1132 1131 1219 1158 non
1263 1120 1406 1170 potest
1450 1118 1505 1160 ab
1551 1118 1644 1158 illis.
1707 1117 1977 1158 Nihilrenim

349 1194 481 1235 habet
521 1196 568 1234 ut
600 1207 757 1234 munus
790 1194 845 1235 ab
879 1194 952 1244 eis,
994 1193 1068 1234 sed
1102 1196 1258 1234 natura
1291 1196 1461 1234 tantum
1502 1193 1652 1235 eadem
1696 1194 1827 1233 habet
1869 1206 1980 1245 quae

349 1270 419 1312 illi.
484 1270 637 1310 Petrus
670 1282 771 1310 vero
805 1269 904 1310 facit
935 1283 1014 1310 nec
1047 1269 1169 1311 deest
1200 1270 1456 1322 praemium,
1491 1269 1608 1322 quod
1642 1268 1980 1321 facientirpossit

349 1346 455 1396 dari,
491 1345 711 1399 quoniam,
731 1359 835 1397 prae
868 1358 912 1385 se
945 1345 1077 1387 habet
1108 1348 1479 1386 remuneratorem
1512 1346 1664 1395 Deum,
1699 1345 1774 1386 sed
1808 1345 1908 1397 quia
1934 1357 1979 1385 se

349 1423 526 1463 auctore
558 1434 644 1461 non
678 1420 778 1461 facit
810 1421 942 1461 immo
976 1420 1065 1462 Deo
1105 1421 1298 1471 faciente,
1339 1434 1425 1462 non
1469 1433 1569 1462 vero
1611 1421 1765 1461 dicitur
1806 1420 1979 1461 nomine

348 1496 516 1538 mereri.
580 1497 626 1536 In
660 1496 831 1537 Christo
865 1498 1011 1537 autem
1046 1499 1306 1538 concurrunt
1350 1510 1500 1537 omnes
1542 1496 1730 1537 rationes
1772 1485 1978 1545 merendi,

348 1573 450 1625 quia
490 1572 590 1613 facit
628 1572 738 1613 sicut
768 1572 922 1613 Petrus
962 1574 1003 1613 et
1045 1572 1176 1614 habet
1214 1586 1317 1625 prae
1356 1586 1401 1614 se
1445 1572 1575 1613 alium
1610 1572 1832 1622 maiorem,
1872 1572 1979 1613 sicut

348 1649 504 1689 Petrus
539 1650 581 1688 et
613 1648 797 1700 Spiritus
830 1651 1019 1698 sanctus,
1054 1649 1169 1700 quod
1203 1662 1288 1689 non
1323 1649 1454 1689 habet
1486 1648 1629 1698 Pater,
1664 1651 1705 1689 et
1731 1662 1776 1689 se
1802 1651 1979 1689 auctore

348 1724 449 1766 facit
482 1724 591 1764 sicut
619 1723 750 1764 Pater
777 1725 818 1765 et
844 1723 1027 1776 Spiritus
1054 1726 1242 1774 sanctus,
1271 1724 1386 1776 quod
1408 1737 1494 1765 non
1522 1725 1622 1765 facit
1644 1724 1811 1775 Petrus,
1838 1738 1977 1777 neque

348 1802 465 1840 caret
497 1813 675 1841 munere
715 1799 880 1841 habens
918 1800 1113 1852 spiritum
1154 1800 1303 1841 datum
1346 1800 1425 1841 sibi
1467 1800 1521 1843 ad
1565 1813 1714 1841 omnes
1756 1813 1859 1841 usus
1903 1814 1976 1841 ne-

347 1876 556 1918 cessarios
600 1877 703 1926 eius,
755 1879 801 1917 ut
846 1876 900 1917 ad
945 1876 1246 1927 humilitatem,
1293 1877 1611 1927 discretionem,
1643 1877 1840 1918 timorem
1882 1878 1978 1927 etc.‚

347 1966 474 2005 quem
497 1965 623 1993 usum
645 1952 835 1993 muneris
858 1965 883 1992 a
898 1952 1026 1993 Patre
1047 1953 1225 2005 accepit.
1298 1953 1348 1993 Et
1370 1953 1522 1994 harum
1545 1952 1760 1994 rationum
1783 1953 1974 1994 merendi

347 2029 562 2081 quaedam
597 2028 924 2069 considerantur
956 2028 996 2068 in
1030 2028 1223 2070 humana
1256 2031 1425 2079 natura,
1468 2028 1684 2081 quaedam
1728 2029 1769 2069 in
1813 2029 1970 2071 divina.

346 2103 443 2144 Non
470 2116 620 2145 omnes
647 2103 923 2155 quaerendae
950 2106 1050 2144 sunt
1076 2103 1260 2154 divisim,
1289 2103 1364 2145 sed
1392 2103 1617 2145 collectim.
1672 2105 1827 2145 Facere
1859 2105 1973 2145 enim

291 2196 321 2219 ρ·
346 2182 388 2221 et
420 2192 525 2231 prae
558 2192 603 2220 se
636 2178 765 2220 alium
801 2179 975 2229 habere,
1019 2179 1188 2220 Christo
1223 2180 1459 2220 secundum
1503 2182 1732 2232 utramque
1775 2182 1974 2221 naturam

345 2254 565 2302 convenit,
600 2267 646 2295 se
678 2257 855 2295 auctore
887 2255 1125 2296 secundum
1163 2255 1352 2296 divinam
1387 2257 1577 2303 tantumn
1618 2268 1720 2296 usus
1754 2259 1899 2296 autem
1934 2256 1975 2296 in

344 2343 522 2370 munere
555 2330 791 2371 secundum
826 2329 1063 2371 humanam
1098 2331 1310 2372 convenit.

487 2406 538 2445 Et
570 2405 629 2446 ita
655 2404 851 2448 Christus
886 2419 985 2446 vero
1019 2406 1191 2446 nomine
1224 2409 1426 2457 meretur,
1461 2419 1548 2447 non
1581 2392 1689 2448 alius
1718 2407 1861 2457 homo,
1898 2421 1973 2449 nec

343 2481 458 2522 Deus
498 2481 628 2522 Pater
666 2481 731 2521 vel
771 2481 954 2533 Spiritus
996 2485 1184 2523 sanctus.
1250 2482 1459 2523 Dicuntur
1503 2486 1650 2524 tamen
1696 2483 1855 2534 fideles,
1902 2484 1973 2536 qui

487 2635 506 2669 3
534 2634 577 2668 ad
603 2633 670 2668 hoc
685 2661 691 2668 .
708 2663 714 2670 .
733 2660 740 2668 .
756 2636 935 2668 auctorem
957 2646 1021 2668 om.
1041 2636 1082 2668 A.
1181 2636 1200 2668 5
1228 2634 1329 2676 bene]
1352 2634 1443 2668 bona
1458 2637 1498 2671 B.
1593 2636 1612 2668 6
1640 2636 1779 2677 munus]
1803 2637 1917 2670 minus
1936 2639 1976 2671 Α.

344 2693 365 2727 8
391 2705 460 2728 non
496 2695 647 2736 scripsi;
681 2705 745 2727 om.
767 2694 856 2727 AB.
1003 2694 1023 2726 9
1054 2699 1134 2736 post
1170 2693 1258 2727 facit
1291 2696 1373 2727 add.
1403 2696 1433 2727 B
1460 2696 1504 2728 et.
1654 2695 1695 2728 19
1722 2695 1815 2728 sicut
1840 2707 1904 2729 om.
1934 2699 1975 2730 A.

343 2753 388 2787 22
415 2764 505 2797 quae
536 2764 603 2787 usu
630 2754 673 2787 A.
790 2752 835 2786 24
860 2751 944 2796 non]
978 2764 1043 2786 nec
1071 2754 1112 2786 B.
1229 2752 1398 2786 diversim
1418 2755 1459 2786 Α.
1578 2754 1620 2786 27
1648 2754 1815 2787 convenit
1840 2766 1904 2788 om.
1936 2757 1974 2788 B.

343 2812 388 2846 28
414 2813 491 2854 nec]
518 2823 588 2845 non
616 2813 658 2846 B.

486 2942 498 2960 ¹
524 2943 579 2976 Ad
614 2943 704 2977 hanc
739 2944 951 2978 sententiam
989 2943 1109 2977 confer
1143 2944 1416 2988 propositionem
1458 2944 1617 2988 quintam
1653 2944 1697 2979 ab
1737 2944 1898 2979 Ottone
1926 2945 1974 2978 de.

342 3001 545 3045 Freising
564 3002 730 3038 relatam:
759 3001 869 3043 ,Quod
893 3002 1055 3036 meritum
1078 3002 1269 3036 humanum
1296 3003 1512 3036 attenuando
1534 3003 1668 3038 nullum
1689 3004 1817 3038 mereri
1840 3004 1974 3038 diceret

342 3062 484 3105 praeter
499 3060 702 3095 Christum.‘
758 3065 863 3094 Gesta
892 3062 995 3094 Frid.
1024 3063 1113 3104 Imp.
1141 3061 1162 3095 l.
1190 3061 1216 3094 1.
1244 3073 1273 3096 c.
1301 3062 1356 3097 52.
1384 3074 1450 3098 rec,
1479 3061 1517 3096 G.
1543 3062 1700 3097 Waitz.
1751 3065 1880 3106 Sei-ipit.
1902 3075 1972 3096 rer.

346 3122 463 3154 Germ.
489 3130 522 3164 p.
550 3120 606 3153 60.
633 3122 717 3153 MG.
745 3121 807 3155 SS.
835 3120 925 3160 XX.,
952 3119 1033 3154 379.
1085 3120 1128 3154 cf.
1159 3131 1266 3164 supra
1292 3132 1324 3164 p.
1352 3121 1407 3162 26,
1429 3121 1484 3155 27.
