2106 3453
341 232 500 275 Analyse
522 234 587 266 der
608 227 670 267 SD
696 226 772 265 und
793 226 983 265 Nacliweis
1004 225 1069 263 der
1088 226 1282 263 benutzten
1303 224 1467 268 Queuen.
1676 222 1721 263 29

88 342 256 381 creatus
290 338 450 386 fuerit‘;
499 336 679 377 alsdann
724 335 864 388 folgen
906 335 972 376 die
1004 335 1169 386 Fragen
1211 334 1317 375 iiber
1358 334 1424 375 die
1457 334 1613 375 XVerke
1647 333 1722 375 der

88 417 305 458 einzelnen
338 416 467 467 Tage.
531 415 615 455 Der
648 414 681 453 V
686 414 868 454 erfasser
902 413 978 453 hat
1010 413 1101 453 hier
1132 412 1272 452 neben
1305 412 1380 452 (161·
1414 411 1483 452 SS
1513 412 1622 452 auch
1655 411 1721 452 die

88 494 386 534 Aclnotationes
429 491 721 549 ebucidatordae
764 491 808 530 in
854 490 1172 530 Pentateuchum-
1218 489 1292 529 des
1336 489 1477 541 Hugo
1517 502 1613 529 von
1653 488 1719 530 St.

88 571 265 610 Viktor
299 569 396 623 (PL.
425 568 524 622 175)
558 569 746 609 benutzt.
811 567 853 608 S.
882 567 964 607 15*
991 568 1033 608 Ζ.
1062 567 1113 606 16
1148 566 1282 607 zitiert
1315 579 1360 606 er
1393 566 1503 606 auch
1536 566 1602 606 fiir
1629 567 1721 606 eine

87 648 332 688 bestimmte
364 647 543 687 Ansicht
575 647 682 687 iiber
715 646 793 686 das
825 646 1089 686 Firmament
1122 644 1246 684 einen
1278 643 1523 694 Magister
1555 643 1720 695 Hugo:

89 725 345 776 ,Magister
378 723 521 775 Hugo
556 723 667 772 dicit,
702 723 818 776 quod
852 725 915 763 est
948 721 1177 770 immobile,
1213 721 1314 774 quia
1346 720 1554 772 significat
1580 721 1721 772 ipsum

88 804 339 848 creatorem,
387 801 534 841 stellae
567 803 751 847 sanctos,
798 800 916 840 iuxta
949 799 1073 839 illud:
1129 798 1255 839 Stella
1293 812 1318 838 α
1351 797 1466 838 stella
1504 797 1646 850 differt
1678 798 1723 837 2'72

87 878 286 930 claritate,
315 877 497 931 ideoque
519 880 565 918 ut
586 877 737 918 melius
757 877 979 917 videamus
1001 876 1055 925 id,
1079 875 1196 928 quod
1216 875 1528 915 immutabilem
1551 887 1722 926 reprae-

87 957 229 995 sentat
261 957 303 995 et
335 954 553 995 immobile
586 954 650 1004 sit,
686 954 802 1006 quod
835 953 1040 993 mutabile
1074 955 1121 992 111
1153 952 1301 992 stellae
1328 951 1507 992 mobiles
1534 953 1646 999 sunt,
1682 953 1723 991 et

88 1031 323 1072 secundum
364 1031 445 1071 hoc
486 1044 573 1071 non
616 1033 715 1071 sunt
753 1030 921 1079 infixae,
966 1029 1041 1069 sed
1078 1029 1200 1081 parili
1239 1031 1371 1083 motu*
1393 1031 1621 1068 moventur
1653 1028 1724 1067 illa

87 1109 183 1148 talis
217 1108 373 1148 chorea
407 1107 655 1148 516113111111.6
720 1106 860 1147 IVenn
894 1106 935 1146 in
968 1106 1107 1146 dieser
1138 1105 1227 1146 Zeit
1265 1105 1332 1145 ein
1364 1105 1565 1156 Magister
1597 1104 1722 1156 Hugo

89 1185 200 1225 ohne
245 1184 405 1225 11311616
449 1184 747 1235 Bezeiclmung
790 1183 925 1223 zitiert
966 1183 1086 1231 wird,
1134 1195 1180 1222 so
1226 1182 1279 1222 ist
1321 1181 1455 1222 damit
1495 1181 1578 1221 fast
1619 1183 1724 1221 stets

88 1262 235 1313 Hugo
269 1274 365 1301 von
397 1260 465 1302 St.
499 1261 678 1301 Viktor
722 1260 907 1311 gemeint
925 1261 951 1300 1.
1025 1259 1124 1299 Nun
1166 1259 1269 1299 aber
1308 1258 1442 1298 findet
1484 1258 1572 1298 sich
1611 1257 1725 1297 diese

90 1338 218 1379 Stelle
256 1339 299 1378 in
337 1338 412 1378 der
443 1338 645 1389 Ausgabe
685 1337 759 1378 der
791 1337 948 1377 Werke
981 1336 1128 1388 Hugos
1168 1336 1235 1376 bei
1267 1335 1406 1387 Migne
1445 1335 1574 1379 nicht,
1622 1334 1724 1374 viel-

89 1416 211 1456 mehr
249 1415 411 1456 scheint
448 1415 573 1467 Hugo
612 1415 688 1455 der
726 1414 1029 1466 gegenteiligen
1063 1413 1242 1453 Ansicht
1281 1412 1541 1464 zuzuneigen
1558 1414 1586 1453 2.
1650 1411 1725 1452 Bei

93 1492 230 1532 dieser
263 1492 471 1544 Sachlage
509 1492 641 1532 bleibt
679 1505 723 1532 es
762 1504 841 1531 uns
880 1504 961 1530 nur
992 1490 1128 1542 ii'brig‚
1175 1490 1250 1530 der
1282 1489 1550 1540 Vermutung
1580 1489 1725 1528 Reum

94 1582 146 1609 zu
179 1569 327 1621 geben,
363 1568 451 1609 dal}
478 1582 608 1609 unser
633 1569 772 1609 Autor
803 1568 895 1608 hier
927 1568 1020 1609 eine
1052 1580 1133 1608 uns
1166 1567 1441 1607 unbekannte
1469 1565 1624 1606 Schri-ft
1651 1565 1725 1605 des

92 1646 237 1697 Hugo
288 1659 382 1686 v-on
435 1645 501 1686 St.
536 1645 707 1686 Viktor
756 1645 931 1685 benutzt
982 1645 1069 1686 hat.
1153 1644 1275 1684 Denn
1326 1643 1413 1684 da&
1457 1645 1583 1683 unter
1627 1642 1725 1682 dem

88 1722 289 1774 Magister
327 1722 452 1774 Hugo
493 1722 561 1762 ein
600 1722 781 1762 anderer
821 1721 946 1773 Hugo
979 1721 1239 1762 verstanden
1272 1725 1402 1770 ware,
1444 1720 1607 1760 scheint
1645 1733 1725 1759 uns

91 1799 225 1839 durch
277 1799 343 1839 die
392 1799 503 1840 oben
552 1799 827 1850 festgestellte
869 1799 1083 1839 Tatsache
1128 1798 1480 1849 ausgeschlossen
1525 1810 1576 1837 zu
1621 1797 1725 1847 sein,

90 1876 175 1916 da&
205 1876 248 1916 in
281 1876 529 1917 demselben
561 1876 767 1916 Traktate
801 1876 971 1927 langere
1005 1875 1168 1916 Stellen
1201 1888 1279 1915 aus
1312 1875 1394 1915 den
1428 1874 1727 1915 Admiratione&

89 1953 379 1994 elucidatoriae
416 1954 460 1993 in
498 1953 817 1993 Pentateuchmn
857 1953 931 1993 (165
969 1952 1112 2004 Hugo
1151 1965 1249 1992 von
1283 1951 1349 1992 St.
1384 1951 1564 1991 Viktor
1598 1964 1729 2002 ange-

90 2030 207 2070 fiihrt
237 2030 345 2071 sind.

235 2197 245 2214 ¹
273 2199 316 2230 cf.
344 2199 480 2238 Gietl,
509 2209 541 2230 α.
563 2209 595 2231 (ι.
620 2198 657 2231 Ο.
686 2198 718 2230 S.
747 2198 934 2229 XXXVII.

231 2267 245 2285 ‘²
270 2270 336 2301 PL.
365 2271 561 2301 175—177.
619 2269 684 2300 Die
710 2270 825 2309 Frage
852 2269 946 2300 nach
977 2269 1042 2299 der
1069 2268 1353 2308 Beweglichkeit
1382 2268 1442 2299 des
1464 2267 1726 2298 Firmamentes

91 2329 184 2360 wird
205 2329 379 2359 beriihrt:
410 2329 463 2361 De
487 2340 642 2361 sacrccm.
669 2329 692 2359 1.
714 2329 747 2359 I.v
770 2337 804 2367 p.
827 2329 854 2359 I.
883 2337 910 2359 c.
935 2329 975 2359 16
1005 2328 1084 2367 (PL.
1112 2329 1189 2368 176,
1219 2329 1283 2358 199
1301 2328 1407 2367 CD):
1437 2327 1590 2370 ‚Eodem
1617 2326 1726 2357 modo

92 2389 136 2419 de
161 2388 321 2419 secunda
348 2388 407 2419 die
434 2388 585 2428 dicetur,
615 2388 714 2427 quod
740 2388 1015 2418 firmamentum
1043 2387 1178 2418 factum
1205 2390 1266 2427 est,
1297 2389 1330 2417 et
1357 2385 1727 2418 circumactionis

91 2446 334 2486 perpetuae
361 2450 596 2486 praeceptum
623 2447 732 2478 simul
760 2449 793 2477 et
819 2447 934 2486 legem
963 2446 1127 2485 accepit.
1151 2471 1157 2477 .
1180 2471 1186 2477 .
1222 2446 1259 2477 Si
1287 2445 1345 2477 oui
1373 2448 1492 2476 autem
1520 2445 1587 2476 ista
1614 2445 1725 2475 inter-

92 2507 246 2545 pretatio
273 2506 383 2537 nimis
409 2507 565 2538 obscura
592 2506 792 2547 videbitur,
830 2506 1021 2536 maxime
1057 2506 1174 2544 quod
1212 2506 1262 2536 de
1298 2507 1414 2535 motu
1450 2504 1727 2535 firmamenti

90 2565 275 2596 necdum
308 2567 407 2595 1-313
442 2565 500 2596 511
531 2565 750 2596 assertio.
774 2589 780 2595 .
804 2564 823 2595 .‘
898 2565 1178 2606 Emerptz'onum
1218 2564 1363 2606 allegor.
1403 2564 1425 2594 l.
1461 2564 1592 2595 XXIV.
1632 2573 1666 2602 p.
1698 2564 1726 2594 Ι.

91 2624 114 2655 1.
142 2624 170 2654 I.
200 2633 227 2654 c.
255 2624 336 2655 VII.
372 2624 451 2663 (PL.
481 2625 559 2664 177,
594 2625 659 2655 207
677 2624 783 2663 CD):
825 2624 1125 2667 ‚Firmamentum
1160 2631 1248 2654 vero
1275 2631 1319 2653 ex
1353 2623 1465 2654 stellis
1497 2622 1568 2654 sibi
1601 2622 1728 2653 infixis

92 2691 166 2713 esse
193 2683 359 2713 volubile
386 2684 660 2723 comprobatur,
696 2678 757 2714 sed
792 2683 835 2713 de
869 2691 942 2721 qua
969 2682 1122 2713 materia
1156 2683 1292 2713 factum
1319 2682 1374 2722 sit,
1409 2681 1624 2721 ignoratur!
1677 2682 1730 2714 De

92 2752 184 2775 sacr.
213 2742 298 2784 leyt's
324 2746 398 2775 nat.
423 2746 455 2774 et
480 2743 637 2784 scriptae
669 2742 762 2782 (176,
790 2751 823 2781 p.
853 2743 892 2772 21
913 2743 976 2781 B):
1016 2766 1034 2782 ,.
1058 2767 1064 2772 .
1087 2766 1093 2772 .
1116 2744 1237 2772 tamen
1271 2741 1359 2780 quia
1393 2741 1436 2772 de
1469 2744 1568 2772 motu
1600 2741 1726 2771 firma-

93 2801 203 2831 menti
239 2802 395 2832 necdum
432 2804 570 2833 certum
603 2801 895 2841 experimentum
932 2801 1152 2840 invenimus,
1189 2800 1299 2831 huius
1332 2800 1556 2839 quaestionis
1588 2800 1727 2831 nodum

93 2861 166 2891 alio
193 2861 222 2891 si
249 2861 368 2900 placet
394 2861 503 2891 modo
532 2860 799 2892 dissolvamus.⁶
859 2861 903 2891 In
937 2861 1002 2891 der
1034 2860 1214 2890 Pariser
1244 2859 1726 2890 Nationalbibliothek

93 2920 208 2950 findet
246 2920 330 2950 sich
361 2922 468 2950 unter
505 2919 546 2950 n⁰
573 2921 662 2950 1908
702 2919 783 2950 eine
822 2919 977 2951 Schrift:
1035 2919 1238 2958 Hugonis
1277 2918 1486 2958 dialogus
1525 2918 1639 2948 alter
1678 2918 1728 2948 de

95 2978 321 3009 creatione
348 2979 512 3010 mundi.
566 2979 677 3010 Unter
715 2978 849 3009 diesem
883 2978 973 3009 Titel
1011 2978 1190 3009 versteckt
1226 2977 1303 3008 sich
1340 2978 1429 3008 aber
1464 2986 1535 3008 nur
1571 2977 1629 3008 die
1665 2978 1726 3008 be-

74 3037 228 3068 .kannte
255 3037 390 3069 Schrift
417 3038 584 3077 Hugos:
626 3038 804 3080 Diccloqus
829 3038 871 3069 de
895 3037 1137 3070 &aeramentis
1165 3037 1250 3079 Zeyis
1281 3036 1466 3069 naturalis
1499 3040 1529 3069 et
1559 3037 1726 3078 scriptae.

96 3096 324 3136 Ham-eau,
354 3097 421 3129 Les
450 3097 601 3138 OEueres
627 3097 668 3129 (Ie
696 3097 842 3138 Hugszces
868 3097 909 3129 (Ze
935 3096 1055 3129 Saz‘nt-
1066 3097 1195 3129 Victor.
1246 3095 1350 3126 Par1s
1379 3096 1480 3135 1886,
1508 3105 1542 3134 p.
1572 3097 1625 3126 66.
