2106 3453
493 259 683 294 Tractatus
710 259 770 293 IV.
820 259 872 292 De
899 261 1123 292 sacramento
1150 259 1414 294 incarnationis.
1701 258 1771 293 55*

280 364 365 405 Sed
404 377 490 404 non
530 363 762 404 cohaerent
803 362 896 412 ista,
940 362 1146 415 quoniam
1186 362 1354 403 medius
1397 363 1606 404 terminus
1648 363 1771 403 dissi-

139 440 296 481 militer
326 439 548 492 accipitur.
612 439 656 479 In
691 438 830 491 prima
863 438 975 480 enim
1008 438 1302 491 propositione
1334 452 1412 492 per
1438 439 1657 481 hominem
1684 452 1771 480 non

138 530 260 566 rem,
294 529 424 568 quae
458 517 554 566 est,
600 515 674 556 sed
708 514 894 555 hominis
926 516 1162 556 naturam
1203 515 1452 567 significavi,
1498 515 1540 556 in
1583 515 1772 556 secunda

139 591 312 632 nomine
344 590 530 631 hominis
570 603 693 640 rom,
736 603 866 643 quae
910 593 1002 640 est,
1045 590 1244 632 intellexi.
1308 590 1435 632 Nulla
1482 590 1649 632 ratione
1690 590 1772 631 dici

137 667 278 717 debet,
320 666 437 720 quod
479 666 610 707 Filius
653 666 729 707 Dei
772 666 958 718 aliquem
1002 666 1221 707 hominem
1266 667 1513 719 susceperit.
1581 667 1624 707 Si
1658 666 1771 707 enim

138 742 327 795 aliquem
360 742 597 791 hominem,
632 742 698 782 vel
731 741 848 782 illum
884 742 955 794 qui
990 744 1118 783 natus
1145 745 1208 783 est
1246 742 1300 784 de
1339 742 1501 793 virgine
1529 742 1595 784 vel
1625 742 1770 784 alium.

139 818 280 859 Alium
319 830 420 867 non,
464 830 564 869 ergo
610 817 726 858 illum
771 817 842 869 qui
888 819 1017 859 natus
1065 819 1129 859 est
1173 818 1227 859 de
1258 817 1434 870 virgine.
1499 818 1616 859 Idem
1662 818 1772 858 filius

137 895 264 935 natus
297 894 348 934 de
381 895 503 945 patre
537 893 627 934 sine
661 895 798 934 matre
834 895 875 934 et
907 893 961 933 de
995 895 1132 935 matre
1164 893 1256 934 sine
1297 896 1435 946 patre.
1500 893 1616 935 Idem
1662 893 1772 934 filius

136 970 274 1023 patris
309 972 352 1011 et
379 969 566 1021 virginis
628 969 745 1010 Idem
775 969 847 1022 qui
875 969 1082 1019 ascendit,
1116 971 1158 1011 et
1184 969 1405 1011 descendit
1432 969 1501 1023 (cf.
1523 970 1618 1010 Joh.
1640 971 1679 1016 3,
1701 969 1771 1023 13)

138 1045 256 1086 iuxta
289 1044 411 1086 illud:
458 1045 594 1085 Homo
633 1048 757 1085 natus
794 1048 850 1085 est
888 1045 932 1085 *m
971 1059 1017 1085 ea
1062 1045 1148 1099 (Ps.
1182 1045 1327 1099 8635).
1391 1046 1460 1087 Sic
1506 1045 1633 1096 igitur
1675 1058 1772 1087 oum

136 1122 393 1163 auctoritate
426 1120 591 1162 dicunt:
639 1120 770 1161 Filius
804 1120 880 1162 Dei
920 1121 1155 1174 assumpsit
1201 1121 1435 1172 hominem,
1481 1124 1535 1162 ut
1580 1121 1772 1164 faciant

142 1196 394 1238 hominem
429 1196 476 1236 in
511 1195 835 1248 qualitatem,
876 1209 973 1237 non
1008 1197 1054 1238 in
1089 1197 1433 1239 substantiam
1453 1198 1479 1239 ¹.
1543 1196 1613 1238 Sic
1649 1210 1772 1238 nam-

136 1285 220 1325 que
265 1271 568 1323 distinguenda
614 1273 718 1312 sunt
758 1272 934 1314 nomina
973 1272 1225 1325 praesertim
1260 1272 1303 1313 in
1337 1272 1599 1324 theologicis,
1640 1286 1695 1314 an
1730 1272 1770 1313 in

139 1348 435 1399 designatione
479 1347 756 1390 substantiae
797 1362 852 1390 an
895 1351 1078 1390 naturae
1120 1351 1351 1402 ponantur.
1417 1348 1769 1390 Substantiam

137 1424 323 1465 nominis
362 1423 632 1477 appellamus
671 1424 774 1465 illud
813 1425 879 1466 cui
918 1438 1075 1466 nomen
1117 1425 1266 1467 datum
1314 1427 1354 1467 et
1400 1425 1647 1478 impositum
1695 1427 1771 1475 est,

137 1500 464 1554 qualitatem,
500 1501 616 1542 unde
649 1500 800 1543 datum
824 1504 865 1543 et
892 1501 1140 1555 impositum
1176 1504 1252 1543 est.
1316 1502 1399 1542 Alii
1426 1514 1615 1554 namque
1644 1501 1773 1543 datur

136 1590 294 1618 nomen
327 1579 369 1618 et
402 1576 472 1618 alii
506 1577 766 1627 desumitur3
808 1578 936 1620 datur
968 1591 1127 1620 nomen
1161 1578 1234 1629 rei,
1268 1578 1388 1620 cuius
1421 1580 1497 1628 est,
1532 1577 1716 1619 sumitur
1747 1591 1773 1617 a

137 1648 401 1706 qualitate
434 1655 481 1694 et
520 1653 871 1705 proprietate,
917 1667 1029 1707 quae
1068 1654 1125 1694 illi
1170 1654 1230 1695 rei
1275 1654 1488 1704 convenit,
1534 1653 1772 1695 secundum

135 1742 265 1782 quam
299 1729 569 1782 praedictum
605 1742 761 1770 nomen
797 1729 1057 1781 assignatur,
1105 1730 1222 1771 verbi
1255 1729 1394 1782 gratia
1426 1732 1474 1771 ut
1507 1730 1587 1771 hoo
1613 1715 1770 1771 nomen

128 1805 312 1868 ,alhum‘
358 1804 487 1846 datur
528 1805 589 1845 rei
630 1804 755 1846 albae
801 1807 842 1847 et
886 1806 1069 1846 sumitur
1113 1806 1168 1847 ab
1201 1806 1412 1848 albedine.
1477 1806 1569 1847 Hoc
1614 1818 1772 1847 nomen

135 1881 266 1922 homo
299 1880 358 1921 rei
391 1893 504 1933 quae
536 1882 601 1921 est
632 1880 764 1921 homo
798 1881 927 1923 datur
967 1884 1007 1923 et
1041 1881 1277 1935 imponitur
1309 1882 1364 1922 ab
1406 1881 1678 1923 humanitate
1698 1883 1728 1922 ².

277 1957 402 1998 Item
434 1956 658 2006 videtur,
701 1957 835 2009 quod
878 1958 1161 2010 assumpsit
1193 1957 1475 2007 hominem,
1509 1957 1551 1998 id
1584 1960 1648 1998 est
1682 1970 1771 1998 rem

136 2047 249 2087 quae
281 2036 346 2075 est
377 2033 523 2074 houm.
601 2033 849 2087 Assumpsit
882 2035 994 2075 enim
1029 2035 1220 2076 animam
1263 2037 1304 2076 et
1343 2048 1512 2087 corpus,
1558 2047 1643 2074 non
1687 2034 1773 2074 dis-

134 2110 293 2160 iuncta,
317 2109 392 2151 sed
415 2109 658 2159 coniuncta,
681 2110 756 2151 sed
774 2109 879 2152 haee
901 2111 1130 2153 coniuncta
1151 2113 1252 2152 sunt
1273 2111 1418 2152 homo.
1442 2135 1488 2141 —
1514 2110 1630 2161 Dico,
1655 2110 1771 2163 quod

277 2238 296 2271 7
323 2236 432 2271 alium
464 2248 533 2271 non
568 2249 633 2271 om.
656 2239 709 2272 W.
813 2243 896 2281 post
932 2236 1025 2271 idem
1062 2239 1144 2273 add.
1174 2238 1206 2270 Β
1232 2237 1337 2272 enim.
1460 2237 1502 2272 10
1539 2236 1774 2271 auctoritates

136 2296 258 2331 dicunt
278 2298 329 2333 W.
395 2298 433 2331 ll
457 2296 593 2330 faciant
614 2297 786 2347 Ibeaoiat
810 2299 839 2330 A
861 2298 902 2331 Β.
971 2297 1109 2331 12-—13
1131 2298 1296 2341 namque]
1320 2296 1416 2331 enim
1439 2299 1490 2332 W.
1546 2297 1587 2330 17
1616 2296 1713 2330 aliud
1730 2298 1772 2331 B.

134 2356 179 2391 20
205 2356 249 2391 ab
275 2356 451 2398 albedine]
488 2355 642 2390 albedini
671 2359 714 2390 A.
812 2357 857 2390 24
884 2356 984 2399 haec]
1023 2356 1093 2390 ista
1115 2358 1167 2391 W.
1264 2362 1342 2400 post
1375 2356 1480 2390 homo
1520 2357 1603 2389 add.
1626 2357 1671 2389 W
1699 2355 1774 2390 sed.

280 2459 290 2476 ¹
316 2458 508 2494 Grilbert.
534 2459 710 2500 Porret.,
739 2462 783 2493 [η
810 2461 942 2493 librum
967 2461 1009 2493 <Ze
1035 2461 1139 2495 duab.
1167 2465 1240 2493 nat.
1269 2465 1299 2493 et
1324 2471 1399 2492 rmm
1419 2471 1519 2503 pers.
1549 2457 1586 2492 ἰη
1622 2460 1774 2493 Christo.

136 2518 216 2561 (PL.
253 2519 307 2560 64,
337 2518 474 2553 1383ss
494 2520 551 2560 C):
608 2517 764 2560 Quorum
791 2518 1075 2562 significatorum
1102 2518 1201 2559 illud,
1230 2518 1323 2563 quod
1349 2519 1503 2563 primum
1530 2517 1773 2563 exposuimus,

136 2578 361 2623 grammatici
397 2580 527 2612 vooant
561 2578 871 2613 substantiam.
923 2578 1014 2612 Illud
1046 2589 1140 2619 vero,
1175 2578 1268 2622 quod
1294 2577 1449 2612 secundo
1476 2577 1773 2622 exposuimus...

136 2637 398 2683 qualitatem
424 2636 616 2682 appellant.
669 2637 735 2672 Sed
770 2638 806 2672 in
832 2637 947 2682 prima
974 2637 1216 2671 affirmatione
1243 2649 1324 2671 non
1350 2637 1408 2678 id,
1436 2628 1517 2681 quo
1544 2639 1610 2671 est
1637 2636 1773 2677 homo,

136 2697 171 2731 id
204 2699 260 2731 est
290 2696 480 2731 nominis
511 2696 723 2741 qualitas,
757 2697 818 2731 sed
846 2697 899 2737 is,
934 2697 1005 2741 qui
1033 2708 1084 2731 ea
1116 2699 1185 2731 est
1210 2696 1349 2734 homo.
1376 2696 1410 2730 id
1439 2698 1494 2730 est
1519 2696 1776 2730 substantia-

136 2756 323 2791 nominis
354 2756 501 2790 risibilis
528 2768 607 2790 esse
633 2756 855 2801 proponitur.
909 2756 946 2790 In
976 2756 1132 2790 secunda
1161 2767 1246 2789 vero
1273 2755 1514 2790 affirmatione
1540 2765 1607 2789 non
1634 2755 1676 2794 is,
1715 2755 1774 2799 qui

137 2818 193 2850 est
229 2815 333 2850 homo
371 2815 434 2850 sed
472 2815 517 2857 id,
557 2827 626 2859 quo
666 2817 720 2850 est
754 2815 870 2856 homo,
910 2815 944 2849 id
983 2817 1039 2849 est
1064 2815 1255 2849 nominis
1288 2814 1486 2858 qualitas
1513 2814 1774 2848 individuorum

137 2875 251 2909 forma
286 2874 483 2911 dicitur...
512 2874 559 2908 Ut
594 2874 714 2909 album
743 2874 788 2915 id,
824 2875 915 2919 quod
944 2874 1146 2919 appellatur
1171 2874 1290 2908 album
1318 2874 1410 2918 quod
1438 2875 1494 2908 est
1519 2873 1702 2908 substan
1714 2874 1776 2907 tia

137 2934 340 2975 nominis,
368 2936 404 2967 et
429 2934 474 2975 id,
502 2945 571 2978 quo
597 2934 800 2979 appellatur
826 2933 956 2975 album,
986 2933 1078 2976 quod
1105 2933 1262 2967 eiusdem
1290 2933 1479 2967 nominis
1505 2932 1714 2977 qualitas.

279 2992 293 3010 ²
318 2993 364 3030 cf.
390 2993 504 3028 Petr.
537 2993 677 3028 Lomb.
710 2995 804 3028 Sem.
829 2993 852 3029 L
881 2993 941 3027 ΙΙΙ.
969 2980 1005 3026 d.'
1028 2993 1060 3026 2.
1087 3004 1118 3028 θ.
1148 2993 1184 3026 1:
1224 2991 1355 3026 Errant
1394 2991 1515 3035 igitur,
1548 2992 1608 3036 qui
1635 2991 1776 3026 nomine

136 3052 372 3086 humanitatis
410 3064 478 3086 non
517 3052 832 3093 substantiam,
872 3052 934 3087 sed
973 3052 1300 3097 proprietatem
1349 3051 1578 3095 quandam,
1631 3063 1649 3085 a
1695 3062 1776 3095 qua

137 3111 258 3146 homo
289 3111 556 3153 nominatur,
604 3111 865 3155 significari
903 3111 1209 3151 contendunt,
1248 3110 1448 3155 ubieunque
1486 3110 1620 3144 Christi
1657 3109 1777 3144 huma-

137 3171 231 3206 nitas
257 3173 484 3206 memoratur.

1795 1062 1827 1087 10

1798 1441 1826 1465 15

1793 1824 1827 1849 20
