2106 3453
18 821 23 827 .
45 802 88 827 82.

566 221 757 255 Tractatus
784 221 806 253 Ι.
858 219 911 253 De
937 219 1116 254 creatione
1143 219 1273 253 mundi.
1692 215 1738 249 9*

250 327 286 367 3.
321 325 494 367 Tertio
517 324 806 377 quaeritur,
835 323 875 363 si
903 323 1074 363 omnia
1095 322 1244 362 simu]
1267 335 1327 362 an
1350 334 1438 373 per
1464 320 1738 362 intervalla

108 406 392 455 temporum
429 401 726 443 creaveritl.
791 400 1062 441 Auctoritate
1108 402 1148 440 et
1190 399 1358 440 ratione
1402 399 1571 439 videtur
1613 410 1740 450 posse

107 478 282 532 probari
322 480 565 529 utrumque.
638 476 746 517 Dicit
784 476 894 517 enim
929 476 1078 516 Jesus
1113 475 1251 515 tilius
1281 474 1475 515 Sirach:
1528 474 1608 525 Qut?
1643 474 1741 513 vmft

110 557 153 596 ἱη
194 559 416 606 aetermam.
461 554 611 594 creavit
656 554 794 593 omnm
837 553 960 592 simul
1001 552 1142 605 (Eecli.
1180 553 1247 601 18,
1285 551 1340 604 1).
1423 550 1741 602 Augustinus

109 645 260 684 super
293 631 528 672 Genesim
548 633 579 671 2:
625 630 819 680 ‚Creator
857 631 1130 681 omnipotens
1159 642 1243 670 non
1271 628 1403 681 priori
1429 630 1624 680 tempore
1650 640 1741 668 ma-

108 710 261 750 teriam
296 708 461 749 creavit
491 710 533 748 et
564 710 663 759 post
695 720 762 748 res
795 720 845 747 ex
878 707 971 759 ipsa
1004 706 1179 755 creavit,
1216 706 1376 758 quippe
1403 705 1630 746 materiam
1659 704 1742 744 for-

110 789 272 827 matam
326 785 514 826 creavit!
605 785 690 825 Cur
737 796 835 835 ergo
887 786 987 824 sunt
1052 785 1055 834 1
1127 783 1329 823 distincta
1374 795 1450 834 per
1507 795 1580 822 sex
1625 780 1742 821 dies?

111 864 242 904 Idem
303 862 352 903 in
414 862 639 903 eodem3:
687 861 810 911 ‚Cum
846 863 1074 913 utrumque
1108 874 1132 901 a
1166 859 1254 901 Deo
1293 859 1454 900 factum
1488 859 1553 907 sit,
1588 858 1746 899 scilicet

110 940 291 982 materia
334 942 376 980 et
420 952 488 980 res
534 939 575 979 in
616 952 724 991 quas
769 952 862 980 eam
899 937 1112 988 formavit,
1156 951 1241 977 non
1277 940 1421 978 tamen
1469 949 1494 976 a
1533 935 1743 987 scriptura

111 1017 236 1058 simul
270 1017 352 1058 dici
384 1017 552 1069 potuit.‘
617 1016 859 1068 Derogatur
892 1016 1022 1056 etiam
1063 1015 1233 1055 divinae
1274 1014 1509 1066 potentiae,
1553 1013 1586 1053 si
1628 1012 1743 1052 dica-

113 1099 182 1135 tur
224 1107 301 1147 per
351 1094 577 1134 intervalla
623 1095 867 1145 temporum
914 1092 995 1132 hoc
1045 1092 1205 1132 fecisse.
1283 1090 1480 1131 Hominis
1525 1092 1589 1131 est
1634 1089 1743 1130 enim

112 1185 245 1212 unum
280 1173 378 1224 post
410 1171 525 1211 aliud
559 1183 699 1221 agere,
734 1172 884 1222 utpote
917 1169 1034 1221 prius
1062 1168 1392 1209 fundamentum
1421 1168 1555 1219 ponit,
1591 1166 1747 1207 deinde

113 1251 290 1290 tectum.
352 1248 474 1288 Esset
513 1248 643 1288 etiam
683 1246 885 1287 indecens
928 1246 1118 1287 divinam
1164 1245 1436 1286 maiestatem
1482 1243 1643 1296 aliquid
1684 1243 1748 1283 in-

114 1326 360 1367 ordinatum
404 1325 469 1365 vel
503 1324 693 1365 deforme
734 1336 879 1364 creare
898 1325 924 1364 ⁴.
998 1322 1074 1363 His
1114 1322 1444 1363 auctoritatibus
1487 1323 1528 1362 et
1572 1320 1749 1362 rationi-

114 1405 193 1444 bus
226 1404 361 1443 Deum
396 1402 522 1443 simul
555 1402 701 1443 omnia
736 1401 883 1441 fecisse
916 1401 1138 1453 probatur.

257 1480 418 1521 Contra
434 1479 602 1520 videtur
624 1479 832 1519 disserere
855 1477 1130 1529 Gregorius
1151 1477 1197 1517 in
1221 1476 1527 1517 Moralibus5
1547 1475 1746 1516 dicendo:

116 1558 293 1608 ,Rerum
326 1557 570 1598 substantia
604 1556 728 1597 simul
769 1557 914 1596 creata
949 1558 1025 1604 est,
1066 1554 1140 1595 sed
1174 1554 1298 1594 simul
1332 1553 1519 1594 formata
1552 1566 1637 1593 non
1672 1555 1748 1593 est.

115 1635 241 1686 Quod
275 1635 386 1675 enim
420 1633 537 1686 prius
581 1633 740 1674 exstitit
779 1645 854 1685 per
894 1632 1183 1673 substantiam
1229 1631 1451 1679 materiae,
1495 1643 1581 1670 non
1625 1629 1751 1669 simul

116 1712 317 1766 apparuit
338 1725 414 1764 per
434 1711 618 1763 speciem
645 1711 834 1752 tormae‘.
870 1710 1097 1750 Isidorus
1115 1710 1150 1750 G:
1176 1709 1303 1759 ,Inter
1325 1708 1583 1750 creationem
1602 1706 1752 1747 mundi

117 1792 158 1831 et
182 1789 270 1831 eius
298 1789 599 1830 formationem
636 1788 716 1829 boc
745 1787 935 1836 interest,
965 1787 1079 1839 quod
1113 1786 1272 1827 creatio
1300 1785 1449 1826 mundi
1482 1784 1608 1825 simul
1638 1784 1750 1824 facta
1771 1797 1790 1820 2Ἰ

118 1869 194 1916 est,
240 1867 329 1908 eius
374 1879 475 1907 vero
517 1866 716 1906 formatio
749 1878 825 1918 per
857 1878 930 1905 sex
964 1865 1128 1905 dierum
1165 1863 1390 1904 intervalla
1424 1862 1624 1903 distincta
1658 1864 1749 1902 esis

260 1983 277 2015 7
307 1981 497 2015 distinctae
531 1982 675 2024 propter
702 1983 743 2013 Α.
843 1979 863 2012 8
891 1977 1095 2022 utrumque]
1129 1982 1372 2012 creaturarum
1396 1980 1438 2010 A.
1538 1976 1557 2009 9
1586 1973 1750 2017 materia]

118 2047 175 2069 res
201 2038 237 2068 et
262 2035 422 2075 materia,
451 2034 485 2067 in
513 2034 641 2077 quibus
665 2037 703 2068 A.
807 2033 847 2066 15
873 2032 1000 2074 Deum]
1029 2032 1154 2065 deinde
1177 2035 1218 2066 A.

263 2139 273 2155 ¹
294 2138 416 2180 Hugo
437 2149 457 2171 a
478 2137 511 2173 S.
533 2138 721 2175 Victore,
738 2138 996 2169 shlnotutlmws
1019 2138 1052 2168 in
1076 2136 1296 2168 [mitatem-72.
1311 2146 1338 2169 c.
1354 2133 1413 2168 lV.
1432 2133 1511 2173 (PL.
1529 2131 1662 2171 175‚33
1676 2132 1753 2173 sq.);

121 2195 172 2226 De
191 2194 424 2226 saw-(maeatis
451 2191 525 2225 Lib.
551 2192 573 2225 Ι.
600 2203 632 2236 p.
661 2192 686 2225 I.
717 2202 744 2225 c.
767 2189 799 2224 2.
827 2189 908 2229 (PL.
934 2189 1010 2230 176,
1037 2189 1100 2222 187
1123 2189 1177 2229 0.).
1205 2187 1265 2222 SS.
1288 2187 1346 2228 111,
1373 2189 1401 2221 1.
1430 2186 1512 2229 (PL.
1537 2186 1616 2225 176,
1638 2185 1681 2218 90
1698 2184 1753 2224 Α).

263 2250 275 2267 ²
307 2253 355 2284 De
393 2253 521 2285 Genesi?
555 2253 602 2284 acl
648 2252 800 2284 litteram
850 2249 909 2283 lib.
946 2249 971 2283 Ι.
1008 2260 1036 2283 c,
1078 2249 1129 2282 1-5.
1162 2260 1195 2283 n.
1240 2247 1294 2281 29.
1348 2247 1428 2287 (PL.
1466 2246 1520 2285 34,
1561 2246 1658 2285 257)1
1699 2271 1706 2278 .

121 2305 170 2339 ita
197 2306 336 2339 creator
361 2304 459 2338 Deus
483 2316 553 2338 non
579 2304 694 2349 priore
720 2305 880 2347 tempore
901 2303 988 2336 fecit
1014 2302 1200 2335 informem
1228 2300 1428 2340 materiam,
1465 2301 1500 2332 et
1527 2310 1602 2332 eam
1632 2299 1755 2342 postea

121 2370 183 2402 per
218 2358 375 2391 ordinem
417 2369 637 2402 quarumque
681 2358 885 2390 naturarum
920 2355 1020 2400 quasi
1059 2354 1215 2388 secunda
1250 2353 1535 2388 consideratione
1569 2350 1753 2392 formavit;

120 2413 311 2446 formatam
338 2412 468 2456 quippe
494 2411 632 2445 creavit
657 2410 854 2445 materiam.

266 2470 278 2488 ³
305 2472 340 2506 L.
378 2480 415 2504 c:
445 2469 679 2511 Quamobrem
717 2481 795 2503 cum
831 2469 937 2503 simul
972 2470 1163 2512 utrumque
1196 2466 1294 2500 Deus
1328 2466 1464 2506 fecerit⁷
1499 2467 1535 2498 et
1569 2463 1755 2498 materiam

122 2536 228 2570 quam
260 2524 430 2558 formavit
462 2526 497 2557 et
528 2535 586 2557 res
619 2524 653 2557 in
693 2535 782 2568 quas
816 2534 893 2556 eam
921 2521 1101 2562 formavit,
1129 2524 1165 2555 et
1191 2522 1380 2564 utrumque
1407 2519 1450 2552 ab
1477 2518 1661 2562 Scriptura
1687 2516 1755 2550 diei

123 2578 319 2623 oportuerit
343 2589 408 2611 nec
435 2577 540 2611 simul
567 2578 756 2621 utrumque
784 2576 852 2610 dici
879 2576 1035 2620 potuerit
1052 2605 1057 2611 .
1076 2601 1103 2609 ..

263 2631 277 2649 4
303 2631 348 2666 cf.
375 2630 576 2674 Hugonis
610 2633 738 2665 Adnot.
765 2632 850 2664 elue.
879 2642 909 2664 c.
935 2629 1000 2663 IV:
1050 2628 1182 2662 Dicunt
1208 2629 1315 2661 etiam
1343 2627 1434 2660 hanc
1461 2625 1646 2664 rationem,
1675 2623 1757 2667 quia

123 2703 191 2726 non
224 2690 297 2724 Deo
331 2691 498 2724 convenit
532 2690 575 2724 ad
610 2690 749 2724 modum
779 2690 932 2723 hominis
959 2689 1093 2733 aliquid
1122 2687 1369 2732 imperfectum
1399 2686 1517 2720 facere
1545 2686 1605 2717 aut
1631 2683 1757 2716 inordi-

124 2747 246 2779 natum
273 2746 334 2778 aut
362 2743 518 2777 deforme
545 2743 615 2782 (PL
657 2743 733 2784 176,
762 2743 805 2777 33
833 2742 896 2784 C.).

266 2802 279 2820 ⁵
306 2803 380 2837 Lib.
422 2803 570 2837 XXXII.
613 2815 642 2837 o.
678 2804 729 2837 12.
772 2815 804 2837 n.
843 2803 895 2838 16.
936 2802 1017 2845 (PL.
1057 2802 1109 2841 76,
1154 2802 1232 2838 644,
1268 2801 1344 2837 45):
1445 2798 1573 2832 Rerum
1627 2797 1757 2841 quippe

126 2857 328 2891 substantia
355 2856 460 2890 simul
486 2858 607 2891 creata
633 2858 697 2897 est,
726 2856 787 2890 sed
814 2856 919 2890 simul
946 2855 1085 2900 species
1112 2855 1266 2888 formata.
1292 2865 1359 2886 non
1383 2854 1448 2891 est,
1475 2854 1511 2885 et
1538 2850 1629 2895 quod
1651 2850 1758 2884 simul

126 2911 268 2944 exstitit
294 2922 355 2954 per
376 2910 615 2944 substantiam
642 2910 824 2949 materiae,
852 2921 920 2943 non
947 2908 1051 2942 simul
1079 2907 1245 2952 apparuit
1270 2918 1332 2950 per
1359 2905 1514 2949 speeiem
1541 2905 1688 2939 formae.

268 2967 280 2985 ‘³'
308 2971 359 3002 De
391 2970 617 3011 Differentiis
654 2968 690 3002 L.
730 2968 788 3002 VI.
816 2979 854 3003 c.
889 2968 920 3003 9.
949 2980 980 3001 n.
1009 2967 1063 3007 27,
1101 2966 1156 2999 28.
1195 2965 1274 3004 (PL.
1310 2964 1366 3003 83,
1404 2964 1447 2997 74
1485 2964 1515 2995 Β
1542 2964 1598 3002 C):
1662 2962 1759 2995 Inter

126 3022 341 3056 creationem
377 3020 498 3054 mundi
534 3026 569 3054 et
602 3021 849 3054 formationem
877 3021 952 3054 eius
978 3019 1068 3053 haec
1094 3020 1150 3052 est
1175 3017 1386 3057 differentia,
1415 3015 1505 3060 quod
1533 3014 1758 3058 originaliter

127 3074 317 3109 secundum
340 3074 512 3108 materiae
532 3074 772 3108 substantiam
793 3073 897 3107 simul
917 3077 1046 3107 cuncta
1067 3073 1188 3105 creata
1208 3072 1311 3104 sunt.
1328 3099 1333 3105 .
1351 3097 1358 3103 .
1384 3068 1435 3103 At
1456 3080 1540 3102 vero
1561 3067 1755 3102 secundum

128 3128 391 3163 distinctionem
420 3128 617 3172 specierum
644 3139 707 3172 per
733 3139 797 3161 sex
824 3127 959 3161 dierum
986 3125 1259 3160 alternationem
1288 3123 1442 3157 formata
1469 3123 1562 3156 sunt.

1769 1027 1779 1051 l
1784 1027 1799 1051 O

1770 1412 1802 1436 15
