2106 3453
362 263 406 297 92
419 264 430 280 '⁶
959 263 1166 296 Sententiae
1194 262 1396 296 divinitatis

506 366 719 407 Probatur
758 366 902 416 etiam,
949 366 1063 418 quod
1104 366 1311 418 peccavit.
1375 366 1457 416 Qui
1497 367 1576 407 scit
1615 366 1877 407 voluntatem
1920 366 1996 407 Dei

361 444 402 483 et
444 442 560 493 quod
603 441 693 482 vuit
735 455 832 483 eum
875 441 1013 483 facere
1052 445 1094 483 et
1126 455 1212 482 non
1246 442 1336 482 vult
1369 442 1470 482 illud
1505 442 1658 492 facere,
1703 445 1872 494 peccat3
1920 442 1995 483 sed

362 517 568 558 Christus
601 517 764 559 sciebat
810 517 1072 558 voluntatem
1110 517 1250 558 Patris
1289 517 1539 574 hanctesse,
1586 520 1633 558 ut
1665 519 1918 567 moreretur,
1954 520 1995 558 et

361 593 492 635 etiam
537 594 775 634 iniunctum
824 593 861 634 ei
907 596 1011 643 erat,
1060 593 1135 634 sed
1176 594 1352 635 nolebat
1385 594 1602 643 oboedire,
1649 594 1750 634 dum
1801 594 1993 636 dicebat:

324 687 339 712 5
360 669 455 710 Non
498 683 586 709 mea
627 670 825 721 volemtas,
868 669 937 709 sed
969 673 1041 709 tem
1071 669 1146 722 fiat
1179 668 1297 723 (Luc.
1321 670 1389 721 22,
1414 668 1513 722 42),
1554 671 1616 710 et:
1660 669 1753 710 Non
1785 669 1892 724 quod
1923 683 1991 724 690

364 746 457 798 volo,
492 745 561 785 sed
592 745 700 800 qaod
732 749 776 784 tu
810 745 1166 798 (Ma2·c.14,.36).

503 821 587 862 Sed
630 821 746 861 nullo
788 820 918 861 modo
961 821 1283 862 concedendum
1320 824 1396 870 est,
1440 821 1555 873 quod
1589 821 1784 862 Christus
1816 835 1995 874 peccare

361 897 514 949 potuit.
577 896 662 939 Sed
690 897 806 949 quod
834 897 995 938 dictum
1030 900 1111 938 est:
1146 897 1309 938 Habuit
1335 897 1516 938 liberum
1544 897 1768 939 arbitrium
1796 897 1995 939 flectendi

361 973 417 1014 ad
458 974 704 1025 utrumque,
747 973 789 1013 id
831 975 914 1014 est:
958 973 1013 1015 ad
1046 974 1311 1024 utrumlibet,
1358 973 1423 1014 vel
1465 973 1521 1015 ad
1553 973 1634 1015 hoc
1678 973 1741 1014 vel
1775 973 1829 1015 ad
1864 973 1994 1024 aliud,

310 1060 343 1085 10
364 1048 686 1101 intelligendum
723 1051 799 1091 est.
862 1049 972 1091 Nam
1010 1050 1121 1091 Deus
1154 1050 1286 1091 habet
1318 1050 1500 1091 liberum
1528 1049 1765 1100 arbitrium,
1800 1063 1886 1090 non
1919 1063 1998 1102 po-

361 1127 447 1166 test
477 1125 589 1167 ssecti
621 1125 676 1167 ad
711 1125 886 1167 malum.
1297 1111 1299 1113 ¹

505 1202 557 1242 Et
589 1202 645 1243 ad
679 1201 773 1252 hoc,
807 1202 923 1255 quod
957 1203 1112 1244 dicitur
1144 1203 1381 1244 humanam
1415 1205 1617 1245 naturam
1645 1202 1685 1243 in
1713 1202 1853 1255 primo
1881 1204 1996 1243 statu

361 1278 587 1330 recepisse,
621 1278 680 1319 sic
713 1278 924 1331 recepisse
957 1279 1271 1331 respondemus
1304 1279 1420 1332 quod
1448 1278 1500 1320 de
1527 1279 1666 1332 primo
1693 1280 1808 1319 statu
1836 1278 1997 1330 aliquid

363 1354 542 1407 accepit,
576 1355 617 1395 id
652 1356 716 1396 est
748 1354 1066 1397 immunitatem
1100 1355 1278 1407 peccati,
1312 1355 1413 1407 quia
1440 1355 1582 1397 Adam
1610 1354 1813 1395 immunis
1846 1368 1871 1396 a
1898 1368 1996 1408 pec-

311 1443 343 1468 15
365 1433 462 1472 cato
497 1433 668 1472 creatus
701 1432 782 1479 est;
827 1430 880 1472 de
913 1430 1101 1472 secundo
1135 1433 1250 1472 statu
1284 1433 1455 1471 nostros
1489 1431 1691 1481 defectus,
1733 1443 1818 1471 non
1851 1444 1998 1472 neces-

363 1508 504 1557 sitate,
538 1507 614 1548 sed
646 1508 870 1549 voluntate
902 1507 1072 1557 habuit3
1107 1508 1160 1549 de
1192 1508 1318 1548 tertio
1352 1507 1504 1549 habuit
1536 1520 1623 1548 non.
1649 1520 1777 1560 posse
1803 1521 1995 1560 peccare.

505 1583 613 1624 Illud
646 1583 780 1626 aliud:
816 1583 962 1624 Potuit
993 1597 1080 1624 non
1108 1584 1229 1634 mori,
1265 1596 1364 1634 ergo
1398 1596 1485 1627 non
1512 1583 1717 1625 oboedire
1743 1583 1876 1635 Patri,
1909 1597 1996 1625 non

364 1662 428 1701 est
472 1673 634 1710 verum,
681 1660 886 1713 quoniam
932 1660 1072 1712 potuit
1110 1660 1239 1701 Pater
1277 1673 1363 1700 non
1402 1660 1684 1712 praecepisse.
1761 1660 1995 1702 Falsificari

365 1750 538 1789 quoque
571 1739 714 1789 potest
755 1736 836 1777 hoc
878 1736 1021 1777 simili:
1069 1737 1182 1777 Deus
1223 1736 1448 1789 disposuit,
1491 1739 1539 1777 ut
1570 1736 1626 1777 ad
1660 1749 1735 1777 vos
1768 1737 1996 1788 venissem,

310 1828 344 1853 20
365 1813 440 1855 sed
473 1813 593 1865 potui
626 1826 710 1853 non
747 1813 933 1861 venisse3
969 1825 1069 1864 ergo
1102 1812 1222 1865 potui
1255 1814 1404 1853 contra
1437 1812 1791 1864 dispositionem?
1824 1813 1997 1865 Nequa-

365 1903 510 1942 quam.
573 1890 656 1930 Per
699 1889 820 1930 illud:
861 1888 956 1930 Non
989 1902 1076 1929 mea
1111 1889 1296 1929 voluntas
1329 1891 1407 1929 etc.
1442 1887 1560 1942 (Luc.
1590 1889 1659 1941 22,
1682 1888 1773 1942 42),
1820 1902 1906 1929 non
1952 1902 1996 1929 se

364 1965 475 2006 nolle
508 1965 724 2015 oboedire,
771 1965 846 2006 sed
879 1965 1095 2017 quendam
1131 1964 1371 2017 appetitum
1406 1978 1499 2005 esse
1531 1964 1573 2005 in
1607 1978 1664 2015 se,
1699 1978 1784 2017 quo
1811 1966 1994 2005 mortem

363 2042 639 2093 formidabat,
683 2041 888 2090 ostendit;
930 2041 1087 2082 etenim
1133 2041 1310 2093 quidam
1357 2040 1574 2093 appetitus
1619 2040 1660 2081 in
1694 2040 1885 2082 humana
1918 2053 1995 2082 na-

365 2121 475 2168 tura,
510 2131 596 2171 quo
624 2117 764 2159 dulcia
792 2120 833 2159 et
855 2117 1005 2158 suavia
1031 2117 1277 2169 appetimus
1299 2120 1340 2158 et
1367 2117 1549 2158 adversa
1576 2117 1813 2158 horremus.
1874 2117 1995 2158 Hunc

310 2213 344 2238 25
364 2208 409 2236 se
449 2194 609 2236 habere
650 2193 851 2243 ostendit,
894 2206 990 2235 cum
1030 2193 1152 2234 dixit:
1200 2193 1296 2233 Non
1334 2193 1441 2247 Quod
1477 2206 1545 2247 eqo
1580 2194 1674 2245 volo,
1713 2192 1782 2233 sed
1812 2193 1919 2247 quod
1952 2197 1995 2233 tu

367 2271 519 2325 (Mm'c.
544 2271 610 2321 14,
633 2270 721 2322 36),
764 2270 906 2322 quasi:
954 2269 1069 2310 Licet
1110 2282 1363 2321 repugnare,
1407 2268 1651 2319 formidare,
1694 2271 1840 2311 tamen
1888 2269 1995 2320 volo,

366 2347 481 2400 quod
520 2349 579 2397 tu,
619 2346 720 2398 quia
758 2346 929 2388 infirma
962 2359 1062 2387 caro
1096 2348 1320 2398 repugnat,
1368 2344 1541 2398 spiritus
1575 2346 1720 2386 autem
1754 2348 1994 2398 promptus,

366 2423 441 2464 sed
474 2422 646 2476 spiritus
679 2422 831 2474 redigit
864 2422 1131 2464 voluntatem
1166 2422 1304 2463 carnis
1337 2421 1392 2464 ad
1425 2421 1692 2464 voluntatem
1727 2422 1813 2464 Dei.

459 2499 631 2540 10.Hic
652 2498 1061 2541 considerandae
1082 2500 1199 2539 sunt
1221 2498 1349 2540 duae
1363 2498 1660 2539 voluntates
1682 2498 1994 2541 inChrist01:

312 2592 346 2616 30
366 2576 461 2617 Una
505 2577 569 2616 est
609 2575 650 2616 in
693 2576 785 2628 ipso
828 2576 1065 2617 secundum
1108 2574 1225 2628 quod
1263 2574 1390 2625 Deus,
1434 2574 1569 2615 altera
1610 2574 1846 2616 secundum
1880 2574 1996 2628 quod

512 2707 526 2741 1
558 2706 657 2748 Quod
684 2709 732 2742 sit
757 2708 942 2742 voluntate
971 2710 1012 2742 Β.
1089 2708 1108 2742 5
1137 2710 1171 2742 et
1198 2720 1262 2742 om.
1281 2709 1322 2742 Β.
1396 2706 1416 2740 8
1442 2706 1599 2751 potuerit
1626 2708 1667 2740 B.
1746 2706 1788 2740 10
1814 2705 1939 2741 habuit
1953 2708 1993 2740 Β,

370 2767 411 2802 12
438 2767 594 2801 humana
619 2769 747 2801 natura
770 2768 809 2801 B.
908 2766 947 2800 13
975 2766 1048 2801 sic.
1067 2794 1071 2800 .
1090 2794 1095 2800 .
1111 2765 1365 2811 respondemus
1387 2776 1451 2799 om.
1468 2766 1499 2798 B
1525 2764 1740 2809 spondemus
1756 2769 1797 2798 A.
1899 2765 1941 2798 14
1961 2764 1995 2798 id

367 2828 434 2869 est]
463 2826 504 2859 de
525 2826 638 2870 primo
654 2827 697 2859 Β.
786 2826 828 2860 15
855 2828 910 2860 est
937 2839 1001 2860 om.
1018 2827 1059 2859 B.
1134 2825 1318 2858 voluntate
1338 2836 1406 2858 non
1427 2823 1641 2858 necessitate
1658 2826 1698 2858 Β.
1773 2824 1909 2874 20-21
1932 2824 1996 2858 Ne-

368 2885 559 2930 quaquim]
588 2888 704 2920 Locus
730 2891 791 2919 ant
817 2887 1004 2919 nmtilatus
1031 2891 1092 2919 (mt
1119 2890 1308 2927 corruptus
1334 2896 1406 2917 esse
1434 2885 1583 2917 videtur.
1692 2883 1736 2916 23
1763 2883 1870 2917 etiam
1891 2894 1996 2927 quen-

368 2945 449 2979 dam
484 2945 681 2989 appetitum
705 2947 734 2978 A
763 2949 823 2983 <an
852 2946 907 2978 est
940 2945 1032 2978 enim
1071 2944 1214 2988 quidam
1242 2943 1449 2987 appetitus?
1476 2944 1701 2983 Baeumlcer).
1846 2942 1889 2976 29
1915 2942 1995 2986 Hic]

367 3004 413 3038 Et
438 3004 495 3038 hic
522 3007 562 3038 B.

512 3136 523 3154 1
550 3138 611 3170 Ss.
639 3136 676 3177 l.,
708 3136 747 3169 17
776 3136 910 3177 <762A);
939 3136 1051 3169 Petr.
1079 3134 1217 3170 Lomb.
1244 3136 1336 3168 Sem.
1364 3134 1385 3167 l.
1414 3134 1473 3167 ΙΙΙ,
1503 3135 1533 3168 d.
1565 3135 1616 3169 17.
