2106 3453
23 654 41 678 f.
56 654 89 679 83
104 654 132 679 νῦ
139 673 145 679 .

314 230 505 264 Tractatus
531 229 575 263 11.
628 228 678 262 De
704 228 882 263 creatione
909 229 1013 273 primi
1040 228 1192 262 hominis
1219 230 1254 261 et
1281 227 1323 261 de
1349 226 1459 261 libero
1486 226 1644 261 arbitrio.
1727 224 1798 260 21*

163 335 323 376 scilicet
363 334 463 383 vita,
507 346 670 383 sensus,
718 333 948 385 appetitus,
989 345 1237 381 consensus,
1272 331 1471 372 voluntas
1490 332 1515 371 1.
1580 331 1696 371 Vita
1736 332 1801 371 est

164 411 356 452 internus
384 411 528 449 motus
556 412 596 450 et
623 409 832 450 naturalis
859 408 899 448 in
923 421 1102 460 corpore
1127 408 1272 459 vigens
1294 407 1561 449 intrinsecus.
1608 407 1800 448 Sensus

165 490 228 528 est
261 486 400 527 vitalis
434 489 577 526 motus
611 485 651 525 in
686 497 877 537 corpore,
906 487 1053 525 tamen
1085 484 1263 534 vigilans
1290 484 1565 524 extrinsecus.
1631 483 1799 535 Appe-

163 564 289 604 titus
322 565 386 604 est
419 561 634 614 quaedam
676 562 738 602 vis
776 564 818 601 et
857 560 1050 613 potentia
1092 561 1134 600 in
1168 559 1312 601 anima
1346 561 1569 601 movendis
1602 561 1798 601 sensibus

167 639 387 680 attributa.
452 638 742 679 Consensus
777 640 840 678 est
862 637 1035 678 habitus
1065 638 1068 686 Ι
1102 635 1259 677 mentis
1286 649 1463 690 compos
1492 637 1556 678 sui
1583 637 1648 678 vel
1670 639 1799 677 nutus

166 715 400 757 voluntatis
426 717 704 767 spontaneus.
772 714 1020 756 Voluntas
1048 716 1111 755 est
1137 713 1359 756 rationalis
1379 717 1524 755 motus
1550 714 1801 767 praesidens

165 792 308 834 sensui
341 794 381 833 et
414 791 638 844 appetitui.

307 869 368 909 De
410 867 501 908 istis
543 868 745 920 potentiis
780 867 941 908 dictum
988 871 1063 918 est,
1107 867 1209 920 quid
1251 867 1348 917 sint,
1392 870 1434 909 et
1475 867 1706 908 novissime
1748 867 1800 907 de

165 945 455 994 voluntate,
500 943 552 984 de
596 957 681 996 qua
717 944 902 985 maxime
934 944 1210 994 intendimus,
1251 958 1301 985 eo
1335 945 1450 997 quod
1483 945 1602 985 liberi
1637 944 1799 985 arbitrii

163 1022 491 1062 fundamentum
524 1023 604 1069 est;
642 1023 683 1061 et
710 1021 908 1070 diximus,
938 1021 1053 1073 quod
1075 1022 1275 1062 voluntas
1303 1024 1366 1062 est
1395 1021 1617 1063 rationalis
1640 1023 1798 1061 motus.

306 1097 433 1148 Quod
484 1097 638 1138 falsum
685 1099 726 1137 et
769 1097 1007 1138 absurdum
1054 1097 1235 1147 videtur,
1291 1111 1387 1138 cum
1429 1098 1628 1139 voluntas
1671 1111 1801 1150 saepe

165 1176 368 1227 operetur
399 1176 550 1216 contra
572 1173 784 1215 rationem
820 1176 861 1214 et
887 1174 1060 1215 resistat
1086 1173 1256 1216 rationi.
1320 1174 1404 1215 Sed
1434 1187 1520 1215 non
1549 1173 1703 1215 dicitur
1726 1187 1799 1214 vo-

164 1253 309 1298 luntas
361 1252 504 1291 motus
554 1250 775 1291 rationalis
830 1264 893 1300 eo,
953 1251 1069 1303 quod
1120 1264 1291 1303 semper
1335 1251 1501 1292 ratione
1558 1253 1799 1301 moveatur,

164 1328 239 1369 sed
285 1328 385 1380 quia
425 1328 549 1380 quasi
593 1327 793 1369 comitem
835 1330 876 1368 et
917 1327 1039 1380 quasi
1073 1328 1376 1380 pedissequam
1411 1328 1542 1368 habet
1575 1327 1800 1377 rationem,

165 1407 211 1445 ut
253 1418 477 1457 nunquam
521 1405 685 1457 absque
728 1405 895 1445 ratione
935 1406 1174 1454 moveatur,
1227 1407 1274 1445 ut
1316 1417 1443 1456 agere
1484 1405 1685 1446 videatur
1725 1417 1802 1455 per

164 1482 392 1530 rationem,
448 1481 565 1534 quod
620 1482 684 1521 est
725 1483 875 1521 contra
918 1480 1144 1530 rationem,
1195 1480 1236 1520 id
1288 1483 1351 1522 est
1395 1494 1472 1533 per
1518 1480 1799 1521 ministerium

164 1558 343 1599 rationis
388 1557 502 1610 quod
551 1560 613 1598 est
659 1558 809 1598 contra
853 1557 942 1598 eius
983 1557 1204 1598 consilium
1247 1557 1311 1599 Vel
1354 1557 1556 1599 iudicium
1574 1560 1600 1598 2.
1680 1557 1800 1607 Huic,

165 1635 323 1677 scilicet
361 1635 532 1685 rationi,
577 1637 786 1686 tanquam
821 1634 1105 1675 fundamento
1138 1634 1334 1675 innititur
1368 1635 1580 1683 voluntas,
1628 1637 1670 1675 et
1701 1634 1801 1674 abs-

166 1725 249 1764 que
290 1712 458 1753 ratione
504 1711 667 1752 moveri
712 1724 796 1751 non
843 1712 986 1763 potest
1033 1711 1097 1752 vel
1142 1725 1248 1753 esse.
1312 1711 1436 1752 Unde
1480 1712 1522 1752 in
1569 1711 1801 1763 Evangelio

166 1789 340 1830 dicitur:
384 1789 488 1829 Filia?
520 1787 781 1829 tenebrwma
815 1787 1109 1841 prudentiores
1140 1792 1236 1828 sunt
1266 1788 1367 1841 siliis
1399 1789 1514 1840 lueis,
1559 1789 1602 1827 in
1633 1802 1799 1842 (senera-

167 1867 273 1905 tc'one
309 1879 385 1905 sua
419 1864 537 1918 (Luc.
575 1864 701 1917 1638)
748 1867 791 1904 et
834 1864 1106 1905 Jeremias:
1157 1865 1368 1918 Sapientes
1405 1870 1513 1917 sunt,
1561 1869 1602 1905 m}
1638 1864 1802 1917 facicmt

167 1943 279 1983 mala
323 1942 427 1996 (λεν.
476 1941 618 1995 4)·22).
707 1941 826 1990 Ecce,
879 1940 997 1993 quod
1053 1941 1265 1993 sapientia
1313 1941 1375 1981 vel
1426 1941 1654 1993 prudentia
1699 1940 1803 1980 nulli

167 2021 392 2060 creaturae
436 2020 579 2071 potest
611 2018 750 2059 inesse
791 2017 920 2058 etiam
966 2017 1119 2058 notitia
1161 2017 1201 2057 in
1243 2016 1357 2058 malo
1396 2019 1487 2059 sine
1520 2019 1699 2067 ratione,
1742 2017 1802 2058 ita

166 2110 244 2138 nec
276 2096 319 2136 in
351 2096 496 2149 aliquo
531 2096 729 2137 voiuntas
762 2097 905 2148 potest
937 2108 1043 2145 esse,
1088 2095 1221 2136 etiam
1254 2096 1383 2146 mala,
1426 2096 1590 2148 absque
1618 2096 1801 2137 ratione.

309 2199 329 2234 8
355 2199 447 2244 quod
474 2201 505 2233 A
522 2200 563 2235 Β.
639 2199 658 2232 9
684 2198 833 2232 liberum
855 2198 1041 2232 arbitrium
1058 2200 1099 2231 A.
1179 2199 1220 2232 12
1250 2200 1388 2233 resistit
1405 2201 1445 2233 A.
1524 2199 1565 2233 13
1595 2197 1744 2232 rationis
1763 2199 1801 2232 B.

170 2261 212 2294 16
238 2259 437 2293 misterium
453 2261 485 2293 A
500 2259 541 2292 Β.
620 2259 660 2292 17
688 2259 744 2292 ve]
766 2257 935 2291 iudicium
950 2270 1014 2291 om.
1032 2260 1073 2291 A.
1149 2257 1190 2292 21
1219 2258 1409 2302 Jeremias]
1426 2258 1501 2292 salo
1514 2259 1556 2294 B.
1624 2257 1667 2290 22
1695 2256 1801 2301 quod]

167 2318 310 2363 quidem
332 2321 374 2353 B.
483 2318 527 2352 23
555 2318 675 2360 etiam]
703 2319 740 2351 et
766 2319 807 2351 Β.
917 2317 962 2350 24
988 2316 1064 2360 nec]
1091 2329 1184 2351 nunc
1204 2320 1245 2353 A.
1338 2319 1520 2351 Sententia
1547 2319 1614 2351 loci
1640 2318 1804 2359 corrupti

168 2377 308 2413 22-24
335 2390 351 2411 e
378 2379 567 2412 Rerum-do
592 2380 646 2421 (p.
673 2381 718 2411 ⁴22
729 2380 758 2421 ᾖ,
782 2381 820 2421 1,)
846 2379 925 2411 erm?
945 2382 1069 2420 potes-t,

312 2469 324 2487 ¹
350 2470 395 2505 cf.
434 2470 556 2504 Bern.
593 2469 616 2503 1.
653 2481 681 2503 c.
718 2481 794 2513 cap.
829 2469 871 2503 ΙΙ.
908 2481 939 2502 n.
985 2469 1017 2502 3.
1068 2468 1150 2511 (PL.
1190 2468 1267 2511 182,
1310 2470 1398 2504 1003
1435 2472 1468 2504 A
1498 2470 1561 2510 Β);
1615 2469 1653 2502 In
1696 2468 1803 2502 rebus

169 2529 393 2564 naturalibus
426 2542 496 2563 non
532 2530 587 2563 est
622 2529 656 2562 id
689 2529 774 2569 vita,
811 2529 903 2573 quod
939 2540 1080 2564 sensus:
1117 2541 1187 2563 non
1213 2541 1350 2571 sensus
1379 2529 1471 2573 quod
1498 2528 1696 2573 appetitus;
1737 2538 1802 2561 nec

170 2590 239 2629 ille,
267 2589 357 2634 quod
386 2600 590 2623 consensus.
642 2588 741 2629 Quod
769 2600 813 2622 ex
840 2588 1061 2631 singulorum
1084 2588 1349 2622 definitionibus
1370 2588 1502 2622 clarius
1522 2587 1687 2621 elucebit.
1739 2586 1803 2619 Est

171 2649 264 2683 enim
291 2649 326 2682 in
352 2647 511 2693 quolibet
536 2659 682 2692 corpore
709 2648 795 2688 vita,
823 2648 985 2681 internus
1012 2660 1051 2681 ae
1078 2647 1253 2681 naturalis
1280 2650 1407 2688 motus,
1435 2647 1564 2690 vigens
1589 2649 1727 2681 tantum
1755 2646 1804 2680 in-

170 2709 357 2744 trinsecus.
433 2708 566 2742 Sensus
602 2720 688 2741 vero
726 2707 849 2741 vitalis
888 2708 923 2741 in
962 2719 1107 2752 corpore
1146 2709 1272 2747 motus,
1324 2707 1452 2750 vigens
1491 2709 1526 2740 et
1565 2706 1801 2740 extrinsecus.

171 2767 363 2812 Appetitus
395 2770 513 2802 autem
546 2768 722 2802 naturalis
748 2767 804 2801 vis
830 2768 865 2801 in
884 2768 1065 2802 animante
1090 2767 1277 2801 movendis
1303 2767 1408 2801 avide
1429 2767 1594 2801 sensibus
1615 2766 1802 2800 attributa.

171 2829 305 2861 Verum
332 2839 539 2869 consensus,
566 2829 673 2861 nutus
700 2829 756 2861 est
777 2827 974 2861 voluntatis
1000 2829 1219 2871 spontaneus
1239 2826 1298 2860 vel
1325 2828 1484 2861 certe...
1511 2825 1656 2859 habitus
1684 2825 1801 2865 animi,

171 2887 261 2920 liber
279 2887 345 2920 sui.
371 2887 480 2921 Porro
500 2887 667 2921 voluntas
689 2888 744 2920 est
764 2889 882 2920 motus
902 2886 1099 2927 rationalis,
1121 2888 1157 2920 et
1177 2886 1297 2920 sensui
1317 2885 1535 2930 praesidens,
1558 2888 1594 2918 et
1613 2884 1802 2929 appetitui.

315 2945 327 2963 2
353 2946 474 2981 Bern.
502 2946 539 2980 L.
568 2957 617 2980 c.:
654 2946 773 2980 Habet
808 2957 904 2986 sane,
942 2957 1163 2990 quocumque
1198 2956 1235 2979 se
1269 2945 1434 2985 volverit,
1462 2956 1603 2988 semper
1628 2944 1801 2978 rationem

174 3006 339 3040 comitem
366 3009 403 3039 et
428 3006 686 3050 quodammodo
712 3006 980 3050 pedissequam:
1008 3017 1078 3039 non
1104 3004 1195 3049 quod
1218 3016 1359 3049 semper
1386 3016 1429 3038 ex
1450 3004 1598 3043 ratione,
1626 3003 1689 3037 sed
1710 3003 1800 3047 quod

173 3078 366 3110 numquam
408 3066 542 3111 absque
577 3066 714 3100 ratione
749 3067 946 3105 moveatur,
982 3065 1034 3099 ita
1068 3067 1108 3098 ut
1139 3064 1253 3098 multa
1287 3064 1397 3098 faciat
1432 3075 1494 3108 per
1529 3063 1643 3107 ipsam
1679 3064 1803 3096 contra

174 3127 299 3171 ipsam,
326 3126 391 3160 hoo
418 3128 474 3161 est
500 3126 601 3171 quasi
629 3137 691 3171 per
712 3126 787 3163 eius
809 3125 1057 3165 ministerium,
1079 3126 1201 3159 contra
1222 3123 1298 3159 eius
1319 3122 1502 3158 consilium
1523 3123 1600 3157 Sive
1621 3121 1800 3157 iudicium·

1824 1040 1855 1064 10

1825 1424 1855 1449 15

1822 1808 1856 1832 20
