2106 3453
23 1187 42 1212 f.
63 1187 96 1211 95
108 1185 143 1211 νο.

518 233 708 266 Tractatus
735 231 794 267 IV.
845 231 897 265 De
923 234 1147 267 sacramento
1174 233 1440 269 incarnationis.
1706 236 1797 270 103*

166 339 328 389 figurae
361 350 447 378 non
480 339 593 385 sunt,
628 339 670 376 et
701 338 931 388 propterea
958 349 1025 377 res
1053 350 1165 389 quae
1192 338 1432 389 figurantur
1459 339 1672 390 digniores
1698 343 1798 381 sunt

166 414 268 466 ipsis
311 413 607 464 figurantibus,
642 413 802 465 quippe
834 425 946 464 quae
979 412 1141 454 nullam
1176 413 1410 455 efficaciam
1444 414 1638 456 tribuunt
1670 416 1798 456 rebus

165 490 372 541 figuratis
438 488 548 538 Quid
578 489 692 529 enim
720 488 928 540 supponis
954 502 1030 540 per
1057 492 1240 531 mortem
1269 489 1439 539 Christi,
1474 491 1552 531 nisi
1579 491 1797 532 Christum

166 567 413 608 mortuum?
466 564 543 606 Hic
576 567 720 606 autem
755 577 840 605 non
873 567 1043 606 tantum
1077 565 1215 617 figura
1243 564 1333 615 fuit,
1367 566 1441 606 sed
1470 567 1600 608 etiam
1629 567 1796 608 effectio

165 642 274 683 illius
317 643 433 695 quod
475 642 755 694 significabat.
832 640 883 681 Et
926 643 1154 693 propterea
1195 654 1280 682 non
1325 644 1388 682 est
1429 642 1677 684 dicendum:
1712 643 1797 684 Re-

166 718 325 767 missio,
367 731 478 770 quae
524 716 791 768 figurabatur
836 729 911 769 per
943 719 1125 757 mortem
1162 717 1330 767 Christi,
1365 717 1532 768 dignior
1564 721 1627 758 est
1660 721 1799 759 morto

166 794 335 842 Christi,
383 794 484 846 quia
524 793 614 845 ipse
652 793 847 834 Christus
886 796 1082 834 mortuus
1121 793 1323 835 remissor
1361 797 1466 843 erat,
1507 797 1549 835 et
1587 795 1619 835 si
1652 798 1797 847 posset

166 869 260 919 dici,
295 869 384 910 eius
419 882 534 910 mors
568 868 850 909 ministerium
885 872 991 909 erat.
1056 869 1303 922 Baptismus
1337 872 1481 911 autem
1516 884 1602 911 non
1637 874 1701 912 est
1732 884 1797 912 re-

166 945 333 995 missor,
380 945 454 986 sed
501 947 819 986 sacramentum
865 947 907 986 et
952 945 1087 997 figura
1133 945 1395 986 remissionis
1446 949 1629 987 tantum.
1712 947 1795 988 Sed

165 1024 311 1062 tamen
358 1021 512 1062 dicitur
556 1020 774 1061 remittere
828 1034 904 1073 per
946 1021 1143 1062 comitem
1189 1022 1373 1073 gratiam
1420 1022 1710 1064 remittentem
1757 1024 1799 1064 et

166 1097 281 1150 quod
315 1097 446 1137 habet
472 1109 615 1137 secum
645 1096 906 1137 salvatorem
935 1097 1223 1147 remissorem,
1258 1100 1298 1139 et
1331 1098 1488 1139 idcirco
1515 1099 1624 1139 bene
1656 1101 1797 1151 potest

165 1173 265 1214 dici:
300 1173 522 1213 Remissor
550 1174 553 1224 Ι
585 1172 751 1224 dignior
784 1172 1000 1225 baptismo
1078 1173 1147 1213 Sic
1180 1173 1308 1224 igitur
1334 1187 1429 1214 cum
1459 1174 1656 1215 nominas
1683 1188 1796 1215 mor-

162 1253 249 1291 tem
295 1249 466 1299 Christi,
511 1249 611 1289 nihil
657 1249 771 1289 aliud
815 1249 1029 1299 attendas,
1064 1262 1193 1301 quarn
1229 1250 1368 1302 ipsum
1405 1252 1637 1292 mortuum.
1702 1251 1797 1292 Non

164 1326 275 1368 enim
313 1339 458 1367 verum
495 1327 571 1375 est,
606 1325 724 1378 quod
757 1338 872 1366 mors
906 1325 1064 1366 Christi
1097 1325 1302 1368 remittat.
1367 1326 1480 1367 Mors
1514 1327 1624 1368 enim
1661 1327 1797 1368 disso-

164 1403 268 1444 lutio
315 1403 487 1444 animae
533 1405 575 1443 et
620 1402 811 1454 corporis
851 1402 1026 1451 Christi3
1076 1402 1155 1444 hoc
1200 1405 1343 1445 autem
1380 1417 1463 1444 non
1497 1403 1689 1454 remittit,
1722 1404 1798 1445 sed

165 1478 282 1520 solus
323 1479 517 1520 Christus
564 1481 772 1529 mortuus,
817 1479 888 1529 qui
921 1492 1006 1519 non
1054 1481 1223 1520 tantum
1270 1480 1420 1530 figura,
1465 1480 1540 1520 sed
1582 1479 1715 1520 virtus
1757 1484 1797 1521 et

164 1555 329 1596 effectio
362 1554 624 1596 remissionis
659 1554 842 1607 ideoque
876 1555 1043 1606 dignior
1075 1555 1339 1596 remissione.

306 1633 345 1673 5.
395 1631 692 1682 Quaeritur,
737 1631 776 1671 si
822 1631 1062 1672 Christus
1108 1644 1307 1673 carnem
1352 1634 1649 1684 corruptam
1688 1645 1797 1673 sus-

163 1708 275 1760 cepit
294 1710 318 1749 1.

307 1783 414 1824 Dicit
450 1783 802 1833 Augustinus²
845 1785 886 1823 et
918 1782 1024 1824 fides
1058 1782 1261 1824 ecclesiae
1294 1785 1425 1833 tenet,
1465 1784 1579 1835 quod
1615 1784 1798 1836 Spiritus

163 1862 339 1901 sanctus
373 1859 648 1900 carunculam
683 1859 798 1900 illam
833 1872 858 1900 a
894 1859 1054 1910 virgine
1082 1858 1171 1899 eius
1204 1858 1359 1899 ardore
1391 1862 1636 1911 separatam
1672 1873 1796 1900 mun-

163 1937 280 1977 davit
322 1949 505 1988 eamq—ue
547 1936 802 1976 mundatam
849 1936 1033 1976 Verbum
1077 1935 1253 1988 accepit.
1319 1935 1443 1976 Unde
1482 1936 1651 1977 dicitur:
1698 1937 1798 1977 Levi

162 2013 386 2053 decimatus
420 2014 462 2052 in.
501 2012 726 2061 Abraham,
761 2016 802 2054 et
835 2013 930 2054 ideo
959 2013 1198 2054 decimatus
1232 2012 1416 2054 dicitur3
1437 2012 1506 2066 (cf.
1526 2013 1653 2053 Hebr.
1676 2014 1716 2059 7,
1737 2012 1795 2067 9).

163 2089 363 2130 Decimae
397 2102 586 2141 namque
620 2089 860 2130 oblationes
894 2091 936 2130 et
968 2089 1176 2130 sacrificia
1209 2088 1400 2129 debitum
1435 2092 1540 2129 sunt
1567 2089 1795 2131 subiectio-

165 2166 228 2206 nis
271 2169 311 2207 et
353 2166 530 2218 peccati.
613 2165 807 2206 Christus
858 2178 959 2207 vero
1005 2165 1244 2207 decimatus
1285 2165 1452 2214 dicitur,
1495 2165 1701 2218 quoniam
1744 2166 1797 2207 de

308 2316 322 2348 1
352 2314 529 2357 figuratae
555 2316 638 2347 sunt
666 2314 708 2347 R.
831 2315 850 2347 2
878 2313 1044 2356 figuratis
1072 2317 1099 2346 A
1130 2313 1261 2357 quippe
1279 2339 1284 2345 .
1302 2341 1307 2346 .
1326 2341 1331 2347 .
1348 2312 1454 2346 rebus
1481 2312 1645 2355 figuratis
1672 2326 1736 2347 om.
1756 2317 1792 2348 A.

162 2374 182 2407 3
211 2373 307 2418 quid]
336 2374 427 2418 quod
456 2376 498 2407 Α.
562 2373 644 2418 nisi]
671 2385 740 2407 non
763 2376 804 2408 Α.
866 2375 887 2407 4
915 2373 1055 2407 affectio
1077 2377 1108 2406 A
1128 2375 1167 2407 Β.
1237 2374 1256 2406 5
1283 2372 1375 2416 quod
1402 2375 1544 2416 scripsi.
1573 2384 1677 2416 quam
1707 2375 1736 2406 A
1754 2374 1793 2408 B.

163 2435 183 2467 6
211 2433 280 2478 est]
307 2433 354 2467 sit
385 2436 426 2467 Β.
537 2433 556 2466 9
585 2436 620 2467 et
646 2445 711 2467 om.
738 2435 780 2467 B.
899 2433 939 2466 17
968 2432 1107 2466 effectio
1133 2434 1276 2475 scripsi.
1307 2435 1335 2465 A
1353 2434 1383 2465 B
1409 2431 1560 2466 affectio.
1680 2433 1719 2466 17
1747 2444 1797 2465 re—

162 2494 313 2527 missore
342 2497 382 2528 Α.
522 2493 567 2527 20
593 2498 671 2536 post
697 2492 786 2526 fides
812 2494 894 2526 add.
924 2494 955 2526 R
980 2492 1079 2526 haec.
1218 2492 1258 2525 21
1289 2493 1493 2535 superatam
1524 2493 1551 2524 Α
1582 2494 1619 2524 in
1647 2493 1677 2524 B
1704 2503 1795 2525 corr.

163 2553 207 2586 23
229 2559 311 2596 post
338 2552 423 2586 Levi
451 2552 649 2586 decimatus
676 2554 758 2586 add.
786 2554 818 2586 B
844 2552 983 2587 dicitur.
1083 2552 1128 2585 24
1154 2555 1237 2585 sunt
1266 2563 1330 2585 om.
1353 2551 1394 2586 A.
1492 2551 1537 2584 25
1562 2556 1639 2594 post
1667 2550 1797 2585 dicitur

163 2614 245 2646 add.
274 2615 302 2646 A
320 2614 351 2645 Β
376 2624 456 2653 non,
483 2614 543 2646 secl
569 2613 797 2645 omittendwn
825 2623 896 2645 esse
921 2613 1071 2645 videtur.

308 2747 317 2765 ¹
344 2749 406 2782 SS.
434 2748 461 2789 I,
490 2748 543 2782 16.
582 2747 640 2789 (73
662 2748 718 2789 A).
781 2746 971 2788 Roland.,
1012 2759 1043 2791 p.
1087 2746 1151 2780 163
1185 2758 1265 2791 sqq.
1324 2746 1437 2780 Petr.
1475 2746 1613 2780 Lomb.
1641 2749 1733 2780 Sent.
1773 2746 1794 2781 l.

164 2808 225 2842 ΙΙΙ.
254 2808 284 2844 d.
312 2808 344 2842 3.

305 2866 318 2884 ‘³
344 2868 388 2901 cf.
417 2866 615 2909 August..
656 2868 707 2899 De
740 2871 872 2909 peccat.
912 2868 1047 2899 meritis
1082 2871 1112 2899 et
1150 2868 1354 2899 remissione
1391 2865 1412 2899 l.
1453 2865 1496 2899 ΙΙ.
1530 2877 1558 2900 c.
1585 2865 1641 2899 24.
1679 2877 1712 2900 n.
1739 2865 1794 2898 38.

164 2926 246 2967 (PL.
273 2926 429 2966 44.174‚
455 2927 551 2966 175):
599 2925 700 2967 Quod
739 2926 831 2960 enim
870 2925 988 2959 carnis
1027 2925 1107 2959 inde
1142 2925 1312 2970 suscepit,
1352 2925 1386 2959 id
1414 2925 1573 2970 profecto
1601 2927 1663 2958 aut
1688 2924 1796 2958 susci-

164 2985 330 3030 piendum
357 2985 543 3018 mundavit
569 2988 630 3019 aut
656 2980 880 3029 suscipiendo
907 2984 1104 3018 mundavit.

307 3043 320 3061 ³
346 3044 383 3078 cf
420 3044 599 3088 August.
636 3043 673 3078 L.
701 3056 729 3078 c.
757 3056 785 3077 c.
813 3044 870 3077 25.
896 3056 929 3079 n.
956 3043 1018 3086 393
1057 3046 1109 3078 De
1148 3046 1275 3078 Genese?
1306 3046 1353 3077 ad
1381 3045 1534 3077 litteram
1561 3043 1583 3077 l.
1610 3043 1654 3078 X.
1681 3055 1711 3078 c·
1742 3043 1794 3083 19,

165 3103 219 3137 20.
248 3115 280 3137 n.
307 3103 363 3144 34,
385 3104 439 3144 35,
463 3103 516 3137 36.
545 3102 626 3145 (PL.
654 3103 709 3143 34,
730 3102 810 3143 423,
831 3103 927 3144 424).

1818 655 1835 680 5

1820 1039 1852 1064 10

1821 1418 1852 1443 15

1819 1798 1852 1823 20

1816 2183 1848 2208 25
