2106 3453
261 1039 293 1064 10

242 1413 296 1443 '15

266 1800 301 1826 20

268 2178 303 2204 25

309 232 377 271 98*
860 260 864 263 -
906 232 1110 272 Sententiae
1137 235 1350 272 divinitatis.

452 342 490 382 3.
524 341 647 382 Item
682 341 968 394 quaeritur,
1003 341 1040 381 si
1079 341 1295 382 Verbum
1330 342 1394 382 sit
1428 343 1696 381 mortuum.

452 418 581 467 Quod
613 418 967 470 Augustinus1
1008 418 1067 459 sic
1109 418 1228 458 dicit:
1273 418 1535 465 Maledictus,
1581 416 1654 469 qui
1687 428 1772 456 non
1806 414 1940 456 credit

311 494 497 535 Verbum
546 496 763 534 mortuum
809 507 913 535 esse.
1002 494 1111 535 Nam
1160 496 1201 534 et
1240 496 1450 546 martyres
1483 493 1714 533 morituros
1747 491 1941 539 dicimus,

310 570 407 610 licet
449 583 596 610 eorum
631 570 801 611 animae
834 583 919 610 non
955 569 1206 611 moriantur.
1254 595 1303 597 —›-
1353 570 1476 610 Item
1520 569 1619 609 alibi
1653 568 1824 608 dicitur:
1859 567 1943 607 Im—

311 647 494 688 mortale
540 647 760 687 occiditur.
824 646 920 686 Non
964 646 1046 687 1100
1089 646 1141 687 de
1184 646 1311 687 Patre
1352 646 1417 687 vel
1459 645 1620 698 Spiritu
1662 644 1820 685 dictum
1865 645 1942 693 est,

312 725 445 764 restat
477 734 591 773 ergo,
626 724 672 763 ut
705 722 757 763 de
794 722 931 763 Verbo
965 722 1145 771 dicatur,
1181 722 1293 774 quod
1324 734 1422 762 vere
1456 723 1519 761 est
1543 733 1722 773 passum
1755 722 1796 760 et
1829 732 1942 760 mor-

312 801 448 840 tuum.
527 798 650 839 Unde
693 798 998 850 Apostolus:
1044 798 1222 851 From-270
1264 797 1373 838 Filio
1405 810 1478 837 sm)
1510 810 1591 836 mm
1618 796 1800 850 pepercit
1833 796 1945 836 Deus

313 878 393 916 etc.
434 875 568 928 (Rom.
602 876 641 924 8,
664 873 752 927 32).
822 874 883 914 De
927 874 1066 914 Verbo
1109 874 1189 914 hoc
1223 873 1333 914 0111111
1369 873 1529 913 dictum
1564 875 1639 923 est,
1674 871 1946 925 quandoqui—

313 951 409 991 dem
457 951 647 992 eiusdem
693 963 850 990 nomen
895 963 1106 1002 personae
1146 949 1226 990 1100
1257 949 1525 990 vvocabulum
1561 949 1792 999 ,Verbum‘‚
1827 948 1945 989 cuius

313 1027 394 1067 hoc
427 1039 584 1067 nomen
620 1026 775 1076 ,Filius‘
810 1027 887 1075 est,
923 1028 964 1066 et
995 1039 1080 1066 non
1117 1028 1309 1074 naturae,
1344 1025 1418 1066 sed
1452 1038 1609 1065 nomen
1643 1037 1867 1077 personae.
1892 1048 1945 1052 w

312 1103 435 1142 Item
484 1103 596 1143 Deus
642 1104 704 1143 est
746 1104 955 1151 mortuus,
1002 1113 1102 1151 ergo
1147 1101 1210 1141 vel
1250 1101 1364 1142 Deus
1397 1100 1526 1142 Pater
1558 1101 1623 1141 vel
1657 1100 1841 1153 Spiritus
1885 1099 1947 1140 vel

316 1179 518 1219 Verbum.
560 1204 604 1207 —
643 1178 786 1219 Item:
828 1178 947 1227 Illud,
989 1177 1104 1229 quod
1148 1190 1247 1218 caro
1280 1177 1345 1217 vel
1379 1177 1509 1217 homo
1544 1176 1703 1218 factum
1739 1179 1814 1226 est,
1848 1189 1944 1229 pas-

317 1268 409 1296 sum
446 1258 509 1296 est
543 1257 584 1295 et
618 1256 836 1295 mortuum
873 1256 949 1303 est,
984 1266 1083 1305 ergo
1122 1254 1320 1293 Verbum.

461 1330 556 1371 Non
594 1334 736 1372 tamen
779 1330 887 1380 dico,
934 1330 1050 1382 quod
1084 1331 1196 1370 Deus
1230 1332 1427 1369 mortuus
1461 1331 1525 1370 est
1557 1342 1631 1370 seu
1668 1329 1851 1370 Verbum
1888 1330 1951 1369 est

318 1410 534 1448 mortuum
580 1408 979 1459 consequenter,
1025 1406 1099 1446 sed
1139 1406 1588 1458 inconsequenter.
1665 1405 1776 1446 Nam
1817 1419 1951 1447 enun-

318 1484 544 1536 tiationum
592 1482 806 1535 quaedam
853 1484 1232 1534 consequentes
1279 1484 1390 1530 sunt,
1450 1481 1663 1533 quaedam
1718 1481 1951 1522 inconse-

319 1561 580 1611 quentes‘2.
644 1558 978 1610 Consequens
1019 1560 1095 1607 est,
1136 1557 1176 1597 in
1211 1570 1297 1610 qua
1329 1557 1728 1610 praedicamentum
1762 1557 1954 1598 redditur

319 1649 424 1676 suae
457 1648 627 1685 causae,
667 1637 732 1675 ut:
774 1634 1023 1675 Coloratum
1066 1647 1219 1686 corpus
1255 1636 1318 1674 est
1351 1633 1415 1673 vel
1449 1633 1593 1673 album
1630 1636 1705 1675 est.
1770 1634 1951 1674 Incon-

320 1724 543 1764 sequens
577 1713 653 1761 est,
687 1710 729 1751 in
764 1724 850 1763 qua
883 1723 968 1751 non
1003 1710 1195 1751 redditur
1227 1723 1330 1751 suae
1365 1722 1533 1759 causae,
1568 1712 1615 1750 ut
1648 1723 1742 1751 cum
1778 1710 1951 1751 dicitur:

322 1788 488 1840 Corpus
533 1789 598 1828 est
648 1786 876 1835 rationale;
936 1800 1021 1827 non
1068 1786 1177 1827 enim
1227 1785 1497 1827 rationalitas
1542 1786 1723 1826 debetur
1767 1785 1950 1838 corpori.

322 1863 407 1904 Sed
440 1865 601 1912 tamen,
634 1865 682 1903 ut
714 1862 815 1903 dicit
848 1862 1210 1914 Hieronymus,
1251 1861 1603 1913 inconsequentia
1637 1861 1834 1902 dictionis
1867 1873 1953 1902 non

322 1939 527 1982 adimitur
558 1938 716 1980 veritas
749 1938 974 1987 dictorum,
1008 1937 1192 1990 ideoque
1227 1950 1372 1978 verum
1409 1939 1490 1978 est:
1526 1937 1712 1978 Verbum
1750 1937 1813 1978 vel
1842 1938 1953 1978 Deus

323 2018 520 2057 mortuus
563 2017 638 2065 est,
686 2017 750 2056 et:
798 2015 938 2055 Homo
984 2015 1046 2056 vel
1091 2014 1286 2055 Christus
1329 2016 1524 2054 mortuus
1567 2016 1641 2054 est.
1706 2014 1763 2054 At
1797 2013 1954 2055 indocti

325 2093 504 2134 Galatae
531 2092 656 2133 istam
685 2090 914 2143 recipiunt:
942 2090 1084 2131 Homo
1113 2092 1176 2130 est
1208 2092 1422 2141 mortuus;
1452 2090 1525 2131 sed
1554 2090 1679 2130 istam
1709 2090 1954 2131 exsufflant:

323 2168 437 2209 Deus
479 2168 545 2208 vel
587 2167 776 2208 Verbum
818 2169 1035 2207 mortuum
1071 2168 1147 2216 est,
1190 2165 1305 2218 quod
1340 2179 1466 2206 nemo
1500 2166 1735 2207 catholicus
1768 2166 1957 2218 recipere

469 2363 509 2396 10
537 2364 592 2396 est
617 2374 680 2395 om.
713 2363 752 2395 B.
860 2361 903 2394 22
931 2360 1066 2394 amittit
1092 2360 1284 2393 veritatem
1317 2361 1356 2394 Β.
1463 2358 1507 2392 23
1536 2357 1585 2402 01]
1612 2360 1650 2391 ut
1679 2358 1718 2390 Β.
1832 2358 1877 2391 24
1903 2369 1960 2391 ex-

325 2423 448 2457 sufflat
468 2426 511 2458 A.

472 2572 478 2589 ¹
507 2571 560 2606 Cf.
588 2583 696 2616 supra
721 2583 753 2616 p.
782 2570 852 2604 94*
882 2582 916 2604 V.
947 2570 999 2605 11.

470 2630 482 2648 ²
508 2631 647 2670 Confer,
687 2642 777 2675 quae
815 2642 861 2664 ex
899 2628 1090 2663 Gerhohi
1129 2627 1274 2671 scriptis
1322 2626 1425 2660 affert
1463 2625 1595 2666 Bach,
1648 2628 1716 2659 Die
1754 2627 1961 2668 Doymenqe-

327 2692 477 2724 schin-lite
508 2693 568 2724 des
596 2691 833 2724 Mittelallers.
899 2688 941 2722 11.
979 2687 1085 2720 Wien
1122 2686 1220 2720 1875.
1255 2698 1287 2730 p.
1314 2685 1399 2720 413:
1439 2684 1484 2718 Et
1516 2689 1570 2718 est
1596 2685 1737 2729 quidem
1764 2684 1900 2717 veritas
1926 2683 1960 2717 in

329 2750 579 2795 propositione,
613 2760 682 2793 qua
718 2748 865 2783 dicitur:
903 2747 999 2781 Deus
1026 2749 1082 2780 est
1108 2746 1226 2786 Pater,
1254 2744 1316 2778 sed
1343 2746 1397 2778 est
1423 2744 1795 2788 inconsequentia
1820 2754 1962 2777 conver-

329 2796 438 2843 sionis
472 2809 507 2842 in
545 2808 732 2842 locutione.
783 2805 1080 2850 Inconsequentia
1113 2806 1234 2838 tamen
1266 2803 1481 2837 locutionum
1514 2814 1582 2836 non
1615 2803 1733 2838 aufert
1770 2801 1960 2837 veritatem

330 2868 514 2902 dictorum.
550 2878 580 2911 p.
609 2867 693 2901 395:
732 2867 822 2900 Item
855 2877 933 2899 cum
967 2864 1171 2909 opponitur:
1210 2862 1324 2896 Homo
1351 2864 1406 2896 est
1433 2861 1527 2895 Deus
1554 2864 1590 2895 et
1616 2861 1712 2895 Deus
1737 2863 1792 2896 est
1819 2871 1960 2906 9000110,

331 2926 563 2961 accidentalis
589 2928 655 2966 est,
682 2925 857 2969 inquiunt,
891 2922 1074 2963 connexio,
1115 2933 1155 2956 eo
1191 2921 1283 2966 quod
1319 2920 1646 2965 praedicamentum
1673 2932 1742 2954 non
1768 2919 1962 2954 secundum

331 2998 475 3021 causam
510 2985 669 3019 redditur
707 2984 876 3025 subiecto,
916 2983 999 3027 quia
1034 2994 1102 3016 non
1141 2981 1222 3015 inde
1255 2980 1351 3014 Deus
1384 2979 1474 3013 unde
1509 2979 1612 3013 homo
1648 2983 1684 3014 et
1716 2979 1797 3013 inde
1823 2989 1960 3023 passuS‚

332 3046 423 3080 unde
461 3045 566 3081 Deus
619 3043 922 3086 Quemadmodum
961 3053 1040 3076 cum
1079 3041 1209 3075 dicitur
1246 3051 1373 3084 corpus
1406 3050 1484 3073 0000
1516 3039 1690 3073 rationale
1723 3041 1758 3073 et
1790 3037 1964 3072 rationale

332 3116 549 3151 corporeum,
578 3102 810 3137 accidentalis
837 3104 892 3136 est
918 3100 1111 3136 conexio..
1132 3129 1137 3135 .
