2106 3453
337 284 400 318 136
410 285 427 301 ÷÷
926 281 1133 316 Sententiae
1160 282 1370 316 divinitatis.

333 387 392 427 sic
426 399 580 438 corpus
614 385 771 427 Christi
804 388 1022 437 sumptum
1058 386 1111 426 de
1146 385 1304 436 virgine
1337 388 1505 426 constat
1549 398 1598 425 ex
1642 385 1786 425 multis
1830 399 1963 427 mem-

334 462 433 503 hris.
499 462 603 503 Eece
635 461 854 513 quomodo
895 475 1050 513 corpus
1083 461 1240 502 Christi
1282 461 1335 501 de
1370 461 1529 512 virgine
1572 464 1791 513 sumptum
1837 461 1963 512 signi-

334 538 487 578 ficatur
531 537 609 578 illis
654 537 893 589 speciebus.
966 538 1127 578 Eadem
1180 537 1457 578 similitudine
1502 536 1765 587 significatur
1809 550 1964 589 corpus

335 613 451 666 quod
485 616 548 655 est
583 613 773 663 ecclesia,
808 613 887 654 illis
921 613 1156 666 speciebus⁷
1191 612 1291 665 quia
1322 613 1429 653 sicut
1449 626 1560 653 unus
1592 613 1715 665 panis
1743 627 1793 654 ex
1819 613 1964 653 multis

299 704 314 729 5
335 691 479 741 granis
514 692 556 730 et
588 703 721 730 unum
757 689 902 729 vinum
939 703 989 729 ex
1023 689 1167 729 multis
1194 689 1327 730 acinis
1356 689 1582 741 eliquatur,
1616 689 1675 729 ita
1713 689 1890 730 ecclesia
1916 702 1966 730 ex

336 767 480 807 multis
523 765 718 806 fidelibus
763 768 945 806 constat.
1011 765 1116 806 Ecce
1163 765 1359 814 vidimus,
1405 765 1625 817 quomodo
1667 765 1829 817 species
1870 765 1966 805 illae

336 845 611 884 sacramenta
646 844 746 882 sunt
779 841 947 882 illarum
982 854 1140 891 reruni,
1174 841 1333 882 scilicet
1366 841 1555 893 eorporis
1583 841 1737 882 Christi
1766 844 1807 881 et
1834 842 1968 882 eecle-

335 919 436 960 siae.
501 919 606 959 Item
641 917 862 959 seiendum
898 920 973 966 est,
1021 918 1136 969 quod
1172 917 1276 959 haec
1309 931 1376 958 res
1409 917 1568 958 scilieet
1606 930 1761 969 corpus
1794 917 1962 967 Christi,

336 1008 386 1035 ex
426 994 569 1035 multis
608 994 812 1034 membris
852 996 1034 1044 constat,
1082 1007 1167 1034 una
1213 993 1358 1034 anima
1405 994 1681 1043 vivificatum,
1728 993 1785 1034 ita
1831 1007 1962 1034 unum

283 1083 314 1108 10
336 1084 490 1123 eorpus
524 1070 727 1112 ecelesiae
761 1083 812 1111 ex
840 1070 984 1110 multis
1018 1069 1214 1111 fidelibus
1242 1070 1406 1121 glutino
1441 1069 1631 1111 caritatis
1666 1072 1728 1110 est
1763 1069 1966 1110 coniunc-

335 1149 441 1188 tum.
508 1147 611 1189 Ecce
645 1146 864 1199 quomodo
898 1160 1053 1198 eorpus
1088 1148 1151 1187 est
1177 1151 1519 1194 sacramentum
1570 1159 1725 1198 corpus
1759 1146 1874 1198 quod
1904 1148 1967 1186 est

336 1223 527 1273 ecclesia,
561 1225 730 1264 tantum
765 1235 832 1263 res
866 1222 1126 1264 sacramenti
1160 1225 1236 1263 est.

454 1299 731 1340 Praeterea
764 1298 1026 1340 sciendum
1063 1302 1175 1349 est¹⁷
1219 1299 1334 1351 quod
1368 1299 1543 1351 quidam
1578 1298 1791 1351 accipiunt
1823 1311 1967 1339 sacra-

336 1377 529 1415 mentum
565 1378 605 1416 et
638 1388 724 1415 non
757 1388 845 1415 rem
881 1375 1160 1423 sacramenti3
1205 1375 1380 1427 quidam
1421 1378 1739 1416 sacramentum
1780 1377 1821 1415 et
1862 1388 1965 1424 rem,

285 1462 317 1487 15
337 1451 513 1503 quidam
558 1464 647 1492 rem
697 1454 739 1491 et
786 1464 870 1491 non
916 1454 1250 1492 sacramentum.
1316 1452 1387 1492 Est
1433 1450 1648 1503 quaedam
1690 1450 1968 1491 manducatio

337 1528 664 1569 sacramentalis
697 1529 867 1568 tantum
902 1529 944 1567 et
976 1540 1061 1567 non
1096 1527 1235 1577 realis,
1270 1529 1316 1567 ut
1349 1527 1418 1568 illa
1449 1527 1602 1575 Judae;
1643 1527 1969 1568 sacramentalis

339 1606 379 1645 et
418 1604 556 1653 realis,
602 1607 649 1644 ut
687 1603 820 1652 Petri;
867 1603 992 1644 reaiis
1038 1606 1079 1643 et
1125 1616 1209 1643 non
1256 1603 1595 1653 sacramentalis,
1641 1606 1689 1644 ut
1733 1616 1965 1655 puerorum

337 1680 520 1721 Cornelii
568 1680 676 1733 (Act.
714 1681 780 1731 107
818 1679 972 1733 laps).
1044 1679 1176 1720 Judas
1215 1682 1384 1719 tantum
1431 1682 1748 1721 saeramentum
1797 1682 1837 1720 et
1882 1693 1967 1720 non

338 1769 446 1804 rem;
482 1756 635 1796 Petrus
669 1758 710 1796 et
742 1769 850 1804 rem;
886 1756 1007 1808 pueri
1034 1756 1104 1805 illi,
1140 1756 1212 1808 qui
1240 1759 1410 1808 tempus
1438 1769 1522 1796 non
1551 1755 1726 1807 habent,
1753 1769 1843 1796 rem
1872 1758 1967 1797 tan-

283 1848 318 1873 20
338 1836 427 1873 tum
463 1835 503 1873 et
536 1845 622 1872 non
655 1834 990 1873 sacramentum.
1055 1832 1178 1872 Unde
1218 1833 1589 1883 Augustinus‘2:
1637 1832 1765 1882 ‚Nulli
1803 1832 1967 1884 aliqua-

338 1911 462 1948 tenus
497 1908 804 1959 ambigendum
840 1910 917 1957 est,
957 1921 1312 1961 unumquemque
1346 1908 1533 1949 fidelium
1570 1908 1761 1960 corporis
1795 1910 1833 1949 et
1868 1921 1967 1949 san-

337 1985 476 2036 guinis
500 1985 706 2026 Dominici
728 1988 828 2026 tune
850 1999 941 2026 esse
962 1985 1227 2037 participem,
1257 1985 1430 2037 quando
1459 1985 1500 2024 in
1529 1984 1791 2036 baptismate.
1810 1984 1965 2025 Christi

339 2061 580 2102 membrum
615 2061 808 2111 efficitur,
843 2074 921 2102 nec
959 2062 1135 2102 alienari
1179 2062 1232 2101 ab
1277 2061 1385 2101 illius
1428 2061 1551 2113 panis
1592 2061 1821 2113 calicisque
1866 2075 1966 2102 con-

338 2138 490 2186 sorti0;
537 2140 578 2178 et
618 2138 650 2178 si
691 2140 925 2190 antequam
967 2151 1122 2190 panem
1166 2138 1283 2177 illum
1330 2137 1530 2178 comedat
1575 2137 1627 2178 de
1674 2137 1750 2177 hoc
1796 2137 1967 2177 saeculo

283 2226 316 2252 25
339 2214 596 2264 migraverit,
629 2215 671 2254 in
705 2214 867 2255 unitate
901 2214 1090 2266 corporis
1124 2213 1279 2254 Christi
1312 2213 1612 2254 constituitur.‘

481 2290 621 2330 Solet
654 2290 848 2342 quaeri,
892 2290 932 2330 si
965 2290 1198 2330 omnibus
1232 2289 1617 2331 concedendum
1661 2289 1851 2330 sithoc
1885 2303 1968 2331 sa-

338 2368 666 2407 cramentum.
731 2366 798 2406 Ad
831 2365 911 2407 hoe
948 2365 1193 2410 videndum,
1237 2365 1458 2406 sciendum
1502 2368 1578 2415 est,
1622 2366 1738 2418 quod
1786 2366 1963 2417 qnidam

338 2443 464 2493 digne
496 2442 719 2492 accedunt,
754 2442 929 2495 quidam
966 2442 1152 2493 indigne;
1189 2442 1364 2494 quidam
1399 2455 1476 2482 nee
1510 2441 1635 2492 digne
1668 2454 1746 2482 nec
1780 2441 1963 2492 indigne.

338 2518 419 2568 Qui
453 2518 578 2569 digne
611 2518 834 2568 accedunt,
869 2521 969 2558 sunt
1002 2518 1071 2568 illi,
1106 2518 1178 2570 qui
1212 2531 1307 2559 cum
1340 2518 1469 2558 Petro
1503 2517 1618 2558 nullo
1652 2518 1828 2558 erimine
1862 2531 1965 2558 con-

283 2611 317 2636 30
338 2595 410 2635 scii
444 2607 521 2634 nec
556 2594 821 2635 voluntatem
854 2594 1016 2635 habent
1051 2594 1273 2647 peccandi.
1337 2594 1432 2634 Istis
1472 2593 1645 2646 quidem
1689 2606 1858 2646 semper
1900 2596 1964 2634 est

339 2670 675 2711 concedendum.
740 2670 822 2720 Qui
863 2670 1033 2722 indigne
1076 2671 1298 2720 accedunt,
1342 2672 1441 2711 sunt
1484 2670 1554 2720 illi,
1602 2670 1674 2722 qui
1720 2684 1815 2711 cum
1854 2670 1964 2711 Jnda

338 2759 424 2786 uno
458 2746 634 2786 crimine
667 2746 823 2787 conscii
856 2747 922 2787 vel
955 2747 1147 2799 pluribus
1179 2747 1329 2798 polluti
1364 2750 1405 2787 et
1437 2747 1478 2786 in
1512 2746 1734 2799 proposito
1768 2759 1966 2799 perseve-

480 2860 499 2892 9
527 2859 687 2893 vivificat
704 2863 743 2895 A.
879 2861 919 2894 lO
948 2862 1002 2894 est
1029 2873 1092 2894 mn.
1119 2863 1157 2894 H.
1295 2862 1336 2893 16
1362 2860 1423 2894 illa
1449 2872 1512 2894 om.
1531 2861 1572 2895 Β.
1711 2860 1751 2893 19
1777 2859 1906 2893 Petrus
1933 2862 1968 2893 et,

338 2917 389 2952 illi
415 2918 474 2962 qui
500 2921 710 2962 tempus...
733 2920 774 2953 R.
906 2920 948 2953 27
976 2919 1157 2953 sciendum
1186 2921 1241 2953 est-
1266 2932 1330 2953 mn.
1354 2920 1396 2952 A.
1520 2919 1563 2953 29
1590 2919 1722 2953 nullius
1749 2919 1907 2952 criminis
1921 2922 1966 2952 A.

338 2977 381 3011 32
409 2977 539 3011 conscii
568 2989 632 3011 om.
654 2978 697 3011 Β.

483 3098 491 3115 ¹
520 3100 579 3132 SS.
610 3098 668 3139 VI,
693 3099 710 3131 Τ
740 3098 819 3139 (143
836 3098 897 3141 Β);
926 3098 1066 3132 Lomb.
1095 3100 1187 3132 Sent.
1214 3098 1236 3132 1.
1264 3097 1324 3132 IV.
1353 3098 1383 3133 d.
1412 3099 1443 3134 9.
1470 3110 1499 3134 C.
1530 3100 1558 3132 1.

481 3155 493 3174 ²
519 3168 547 3191 c.
575 3157 629 3191 36.
657 3158 677 3200 g
711 3160 735 3191 1.
764 3157 805 3193 de
832 3169 926 3193 cons.
955 3157 985 3192 d.
1014 3157 1050 3198 2;
1079 3169 1097 3192 c
1138 3158 1214 3191 131.
1244 3157 1284 3190 de
1311 3169 1407 3191 cons.
1435 3158 1464 3190 d.
1492 3159 1524 3192 4.
