2106 3453
10 920 33 945 f.
51 921 84 946 99
99 921 134 944 v·''.

653 197 845 233 Tractatus
874 198 915 233 V.
968 197 1019 233 De
1046 200 1292 234 sacramentis.
1701 204 1792 239 125*

156 300 417 351 praedicate,
465 301 564 353 quia
610 302 747 353 primo
796 303 953 343 debent
994 303 1145 344 instrui
1192 306 1233 344 et
1273 306 1535 357 praedicari,
1581 308 1615 348 si
1657 309 1791 349 adulti

154 381 266 426 sunt,
296 381 336 419 et
364 378 536 419 demum
566 379 787 431 baptizari.
826 380 1132 422 Exorcizare
1160 384 1223 422 est
1251 383 1497 432 coniurare;
1533 385 1647 425 unde
1670 399 1792 426 exor-

154 453 322 503 cismus,
367 454 406 494 id
448 457 512 495 est
545 455 798 505 coniuratio,
842 459 883 496 et
922 456 1072 497 habuit
1106 458 1329 498 exordium
1365 472 1389 499 a
1425 459 1672 510 Salomone,
1718 463 1790 514 qui

154 530 292 581 primo
327 531 562 572 exorcistas
597 532 636 571 in
672 532 831 584 populo
860 533 934 573 Dei
970 533 1244 583 inordinavit,
1279 534 1352 586 qui
1386 535 1655 577 invisibiliter
1687 538 1789 578 dae-

154 618 302 645 mones
343 606 624 657 expellebant.
690 607 752 649 Ita
792 609 926 648 nostri
967 608 1203 650 exorcistae
1246 609 1512 652 invisibiliter
1554 612 1789 653 daemones

152 681 206 721 ab
240 683 543 732 energumenis
579 683 810 735 expellunt.
875 684 999 725 Unde
1032 685 1260 726 Dominus:
1310 686 1356 726 Se?
1394 701 1460 740 eqo
1495 687 1537 727 in
1571 687 1790 729 Beelzebub

151 757 247 796 eicio
283 756 508 810 (Melitonos,
550 759 629 811 silete?
672 761 802 810 vestri,
839 761 881 799 im
914 774 991 814 qim
1023 762 1172 800 eiciam}
1206 762 1372 815 (Mattle.
1410 764 1477 814 12,
1501 764 1588 816 27),
1631 765 1788 806 scilicet

153 832 401 882 exorcistae,
439 834 481 873 in
517 847 594 887 (lm)
627 834 808 874 eiciunt?
855 835 1152 892 Symbolum
1187 840 1251 877 est
1284 837 1487 878 indicium
1521 839 1586 879 vel
1621 840 1787 891 signum

156 907 219 946 vel
255 907 461 949 collectio.
526 909 732 950 Indicium
769 914 831 951 est
861 911 864 963 Ι
894 911 1010 961 illud,
1056 926 1133 964 per
1171 913 1286 964 quod
1326 913 1425 954 fidei
1464 914 1685 966 integritas
1726 917 1788 957 in-

151 982 330 1024 dicatur.
387 984 640 1037 Symbolum
675 986 769 1027 ideo
804 987 960 1027 dicitur
992 988 1175 1039 signum,
1211 989 1311 1041 quia
1345 1003 1394 1031 eo
1430 991 1538 1031 bene
1570 991 1786 1034 intellecto

150 1058 296 1099 fideles
330 1060 384 1100 ab
425 1060 667 1101 infidelibus
707 1062 1021 1104 discernuntur.
1086 1064 1291 1106 Collectio
1332 1066 1428 1106 ideo
1471 1067 1638 1117 dicitur,
1685 1069 1787 1120 quia

150 1135 190 1174 in
234 1147 284 1175 eo
327 1148 477 1176 onmes
516 1138 681 1177 articuli
722 1138 819 1179 fidei
860 1140 1145 1182 continentur.
1210 1141 1337 1190 Quod
1378 1143 1489 1183 enim
1530 1143 1582 1184 de
1616 1144 1786 1185 Christo

149 1211 332 1262 apostoli
385 1212 698 1263 intellexerunt,
756 1215 945 1256 breviter
996 1216 1035 1255 in
1090 1216 1168 1256 lioc
1228 1218 1424 1270 symbolo
1479 1224 1785 1271 exposuerunt.

148 1287 273 1328 Unde
304 1301 381 1339 per
412 1288 597 1330 Isaiam
634 1291 810 1331 verbum
846 1292 1147 1334 abbreviatum
1182 1294 1353 1335 dicitur:
1402 1295 1455 1335 Et
1484 1295 1609 1348 faciet
1644 1297 1785 1337 Domi-

150 1376 226 1402 nus
261 1363 437 1419 vei-(nme,
460 1364 737 1406 abbreviatam
779 1381 902 1420 super
943 1372 1094 1408 ferram
1118 1372 1143 1409 1.
1207 1369 1325 1410 Solet
1363 1371 1512 1422 quaeri
1550 1369 1631 1413 ista
1674 1386 1785 1425 quae

147 1439 409 1490 baptismum
445 1441 721 1492 praecedunt,
755 1443 914 1484 scilicet
947 1445 1246 1494 catechismus,
1292 1447 1567 1497 exorcismus,
1612 1449 1784 1501 symbo-

148 1514 247 1561 lum,
291 1518 434 1556 utrum
478 1517 533 1558 ad
574 1519 833 1560 remittenda
872 1523 1048 1571 peccata
1089 1521 1271 1563 valeant.
1336 1523 1618 1575 Respondeo:
1666 1525 1780 1573 Non;

146 1591 220 1631 sed
260 1592 315 1632 ad
353 1595 613 1644 potestatem
655 1595 814 1635 diaboli
848 1596 1185 1638 diminuendam.
1251 1598 1465 1640 Remissio
1506 1604 1782 1652 peccatorum

145 1666 269 1717 plene
302 1667 343 1707 in
376 1668 592 1720 baptismo
626 1671 883 1712 continetur.

286 1743 427 1784 Nunc
472 1748 635 1787 restat
679 1746 953 1788 videndum
999 1748 1050 1789 de
1090 1749 1249 1801 pabulo
1288 1743 1412 1801 salis,¹
1449 1751 1500 1792 de
1546 1754 1817 1794 sacerdotis2

144 1818 401 1869 sufflatione,
445 1821 497 1862 de
537 1821 657 1872 signo
697 1823 832 1863 crucis
866 1824 906 1864 in
942 1824 1093 1875 fronte,
1141 1825 1193 1866 de
1226 1826 1359 1867 saliva
1402 1828 1650 1879 sacerdotis,
1697 1842 1783 1881 qua

146 1893 410 1945 inunguntur
442 1910 567 1938 nares
602 1900 643 1938 et
676 1911 815 1948 aures,
851 1900 903 1940 de
937 1900 1016 1941 olei
1049 1901 1264 1950 unctione,
1309 1916 1421 1955 quae
1454 1903 1501 1943 fit
1534 1903 1574 1944 in
1608 1907 1782 1956 pectore

144 1973 186 2010 et
225 1971 423 2023 scapulis,
466 1973 518 2013 de
558 1975 760 2016 unctione
800 1976 1042 2017 chrismatis
1081 1978 1120 2017 in
1164 1978 1314 2027 fronte,
1360 1992 1471 2031 quae
1504 1981 1649 2021 statim
1684 1984 1782 2033 post

144 2045 407 2098 baptismum
442 2049 571 2090 debet
603 2051 707 2092 fieri.
773 2052 831 2092 De
874 2053 1031 2104 pabulo
1071 2053 1171 2095 salis
1212 2055 1271 2094 ait
1306 2054 1535 2095 isidorus
1569 2056 1615 2096 in
1650 2057 1779 2097 libro

143 2121 202 2162 de
236 2123 536 2165 clericorum
572 2127 953 2169 institutione2:
998 2129 1086 2179 ,Sal
1126 2130 1167 2170 in
1209 2143 1282 2170 ore
1316 2130 1564 2182 baptizandi
1596 2132 1779 2184 imponi-

142 2199 224 2248 tur,
270 2201 317 2239 ut
355 2213 431 2252 per
468 2202 658 2254 typicum
697 2203 831 2245 saleni
871 2205 959 2245 sale
998 2205 1236 2258 sapientiae
1271 2206 1465 2247 conditus
1505 2208 1669 2249 foetore
1702 2209 1778 2249 ini-

143 2272 319 2324 quitatis
360 2279 505 2317 careat
548 2280 590 2317 et
628 2282 905 2330 peccatorum
951 2281 1167 2322 vermibus
1201 2295 1287 2322 non
1321 2285 1561 2334 putrescat;
1607 2284 1683 2325 sed
1716 2285 1779 2325 in*

142 2351 368 2401 corruptus
411 2353 452 2391 et
491 2352 662 2394 illaesus
701 2354 756 2396 ad
789 2356 998 2397 maiorem
1033 2357 1217 2409 gratiam
1250 2358 1571 2411 percipiendam
1606 2373 1778 2401 conser-

142 2428 295 2467 vatur‘.
351 2427 545 2470 Insufflat
572 2431 772 2471 sacerdos
805 2432 845 2472 in
881 2432 1031 2474 faciem
1069 2433 1173 2483 eius,
1207 2437 1254 2474 ut
1280 2447 1357 2492 per
1381 2435 1566 2486 gratiam
1594 2435 1778 2488 Spiritus

141 2504 276 2544 sancti
321 2504 517 2545 diabolus
560 2505 615 2547 ab
656 2506 748 2559 ipso
791 2507 996 2550 discedat.
1062 2509 1239 2561 Signum
1279 2510 1376 2551 ideo
1416 2511 1515 2552 facit
1549 2511 1589 2551 in
1623 2512 1775 2563 fronte,

141 2582 187 2620 ut
221 2582 418 2632 apostata
454 2580 521 2621 ille
554 2582 728 2634 spiritus
761 2597 838 2635 per
871 2585 1073 2626 virtutem
1107 2586 1331 2628 Trinitatis
1373 2588 1427 2628 ab
1469 2588 1561 2640 ipso
1602 2590 1776 2631 recedat

281 2695 301 2728 3
340 2695 602 2729 institutionem
641 2708 661 2730 a
700 2697 825 2742 Moyse
857 2700 894 2733 B.
1017 2700 1039 2732 4
1077 2699 1189 2744 primo
1229 2712 1292 2733 om.
1331 2701 1372 2734 R.
1519 2701 1699 2736 ordinavit
1733 2704 1775 2737 B.

141 2754 231 2787 4-5
259 2755 318 2798 qui
346 2754 416 2790 inV.
444 2755 634 2789 daemones
662 2756 704 2789 ab
732 2759 983 2800 energumenis
1010 2759 1194 2803 expellunt
1219 2762 1259 2794 A.
1399 2760 1419 2793 8
1447 2761 1704 2795 exorcistarum
1734 2763 1775 2796 B.

144 2813 184 2846 12
208 2819 288 2856 post
313 2813 394 2847 fidei
422 2816 504 2847 aad.
534 2814 565 2846 B
591 2814 808 2857 colliguntur
834 2808 903 2851 ets
976 2818 1016 2851 13
1044 2817 1202 2851 breviter
1229 2830 1292 2851 om.
1321 2819 1364 2852 B.
1459 2819 1502 2852 22
1530 2819 1625 2854 circa
1651 2824 1776 2864 pectus

140 2874 176 2917 et
202 2872 367 2916 scapulas
395 2873 437 2907 B.
536 2873 579 2906 27
607 2874 801 2917 vermibus]
830 2876 1037 2910 criminibus
1060 2880 1103 2910 A.

285 2976 291 2993 ¹
320 2977 364 3011 cf.
393 2979 440 3010 Is.
470 2980 523 3021 10,
545 2981 607 3011 23:
647 2978 940 3012 abbreviationem
974 2981 1152 3013 Dominus
1188 2981 1281 3014 Deus
1321 2984 1558 3015 excercituum
1595 2985 1701 3025 faciet
1738 2987 1774 3017 in

140 3031 252 3063 medio
279 3032 392 3063 onmis
419 3036 546 3064 terrae.

283 3082 295 3099 ²
321 3083 417 3118 Pan.
445 3084 470 3125 Ι,
491 3085 552 3128 44;
581 3083 619 3118 O.
646 3085 700 3119 64.
729 3084 770 3118 de
802 3097 898 3119 cons.
926 3085 956 3118 d.
984 3087 1015 3118 4.
1067 3085 1134 3126 ‚Ex
1160 3086 1353 3130 Rabano,
1384 3090 1435 3121 De
1458 3091 1570 3122 sins-tit.
1598 3091 1725 3123 cleric‘.

1809 1001 1841 1026 10

1808 1378 1839 1403 15

1800 2140 1834 2165 25

1799 2526 1831 2550 30
