2106 3453
329 241 398 275 146
409 239 425 259 '¹‘
923 238 1129 273 Sententiae.
1156 237 1366 272 divinitatis.

327 346 422 385 cato
456 344 525 384 illo
561 343 645 395 egit
677 343 1001 396 paenitentiam.
1066 342 1117 382 Et
1149 342 1245 383 ideo
1279 342 1370 383 sine
1404 341 1670 382 confessione
1704 342 1788 383 oris
1814 343 1956 395 potuit

327 420 496 461 veniam
531 419 747 472 consequi.
1190 461 1193 463 .

469 495 595 545 Quod
628 495 719 536 sola
753 495 892 536 cordis
925 494 1186 535 contritione
1213 494 1485 535 dimittantur
1511 497 1702 547 peccata,
1748 494 1958 546 probatur

328 572 393 612 his
419 572 764 613 auctoritatibus:
802 571 927 612 Dixi.-
949 570 1174 623 confitebor,
1203 574 1238 609 et
1263 575 1306 610 tu
1327 571 1525 613 remisisti
1546 571 1628 624 (Ps.
1652 572 1720 622 31,
1739 571 1796 625 5).
1829 571 1954 611 Item:

292 669 307 692 5
329 648 519 688 Peccator
556 660 795 701 quacunque
833 647 935 687 hora.
967 659 1181 686 conversus
1210 645 1355 698 fuerit,
1399 647 1479 686 vita
1510 648 1612 687 vivet
1654 647 1745 701 (ΡΞ.
1778 650 1843 699 18,
1868 647 1957 701 21).

460 724 594 765 item:
632 723 778 763 Adhuc
810 727 845 762 te
876 723 1058 776 loquente
1090 722 1244 762 (Momm
1278 722 1423 762 adsim
1458 722 1527 776 (ef.
1562 723 1619 764 Is.
1649 724 1716 776 58,
1736 725 1782 776 9,·
1814 723 1956 776 52,()”’).

329 800 415 842 Sed
455 800 490 840 si
527 813 604 852 per
642 798 781 840 cordis
822 798 1122 839 contritionem
1162 798 1327 839 solutus
1367 801 1430 839 est
1468 813 1494 840 a
1526 802 1716 851 peccato,
1763 800 1816 841 ad
1857 800 1959 852 quid

330 889 429 928 ergo
463 879 524 916 est
561 874 770 916 confessio
804 875 889 915 oris
922 874 1036 915 utilis
1070 877 1110 916 et
1143 888 1167 915 a
1201 888 1286 927 quo
1320 875 1447 915 solvit
1485 876 1713 917 sacerdos?
1776 875 1961 916 Dicunt

330 953 555 1005 quidam,
591 951 706 1004 quod
735 952 978 992 necessaria
1012 952 1076 991 est
1109 951 1194 991 oris
1228 951 1453 1001 confessio,
1496 964 1583 991 non
1626 951 1741 1004 quod
1784 952 1819 993 ei
1862 965 1960 1003 pec-

278 1032 427 1070 locata
460 1029 744 1078 dimittantur,
789 1028 863 1068 sed
905 1027 1082 1067 dimissa
1122 1039 1214 1067 esse
1255 1027 1587 1076 ostendantur¹;
1636 1028 1810 1080 quando
1844 1028 1961 1069 vide-

330 1118 425 1146 mus
459 1105 643 1157 aliquem
685 1104 893 1154 confiteri,
936 1103 1212 1155 intelligimus
1254 1105 1433 1155 peccata
1478 1104 1558 1147 sibi
1602 1103 1771 1145 dimitti.
1834 1103 1962 1145 Simi-

331 1181 425 1222 liter
457 1181 659 1229 sacerdos
699 1180 825 1221 solvit
858 1180 923 1220 vel
956 1180 1060 1230 ligat
1093 1180 1295 1232 aliquem,
1338 1180 1379 1220 id
1423 1182 1487 1221 est
1528 1180 1714 1221 solutum
1750 1180 1816 1221 vel
1858 1180 1962 1232 liga-

330 1261 423 1299 tum
458 1257 656 1298 ostendit.
711 1257 762 1296 Et
794 1256 875 1296 hoc
908 1256 1118 1308 probatur
1150 1256 1409 1296 auctoritate
1435 1256 1625 1297 Domini:
1659 1257 1804 1298 Primo
1837 1270 1962 1297 mun-

336 1334 454 1375 davit
486 1333 684 1374 homines
717 1346 740 1373 a
775 1333 911 1385 lepra;
952 1335 1103 1385 postea
1137 1332 1242 1373 dixit
1276 1332 1354 1374 eis:
1398 1333 1471 1385 Ite,
1507 1333 1700 1373 ostendite
1732 1346 1798 1373 vos
1830 1346 1962 1373 sacer—

280 1425 310 1448 15
331 1411 491 1452 dotibus
525 1410 642 1464 (Luc.
684 1411 746 1462 17,
778 1410 864 1463 14).
941 1410 1010 1450 Sic
1049 1410 1088 1449 in
1125 1410 1264 1450 cordis
1307 1410 1563 1451 contritione
1607 1411 1746 1462 primo
1790 1410 1964 1451 dimittit

332 1488 446 1529 Deus
484 1491 680 1540 peccata;
728 1486 882 1527 deinde
926 1487 966 1526 in
1007 1486 1092 1526 oris
1131 1486 1398 1527 confessione
1441 1486 1727 1527 ostenduntur
1767 1500 1859 1528 esse
1901 1488 1963 1527 di-

333 1564 477 1605 missa.
514 1563 564 1604 Et
590 1563 648 1603 ita
676 1566 870 1615 apparet,
899 1562 1015 1614 quod
1042 1575 1128 1603 non
1157 1563 1372 1612 sacerdos,
1401 1564 1474 1604 sed
1504 1563 1619 1603 solus
1646 1563 1758 1604 Deus
1786 1567 1964 1616 peccata

335 1640 524 1689 dimittit,
557 1641 560 1692 Ι
598 1640 714 1680 iuxta
748 1639 850 1679 illud
883 1639 1193 1691 Prophetae:
1237 1639 1322 1693 Eyo
1354 1640 1463 1679 solus·
1495 1639 1627 1679 delebo
1661 1640 1896 1694 iniquitates
1928 1645 1962 1681 et
1985 1657 2082 1682 12104.

329 1720 496 1770 peccata
523 1716 663 1769 popul-27
690 1715 763 1768 (Is.
788 1716 856 1767 43,
873 1715 959 1768 25).
1013 1715 1118 1755 Item
1145 1715 1493 1756 Ambrosius2:
1529 1716 1615 1766 ,llle
1643 1716 1758 1757 solus
1791 1716 1965 1757 dimittit

281 1808 314 1833 20
334 1795 525 1845 peccata,
559 1792 631 1845 qui
664 1792 779 1833 solus
812 1805 889 1844 pro
922 1792 1108 1843 peccatis
1142 1795 1337 1832 mortuus
1372 1794 1462 1833 est.‘

478 1869 575 1909 Alii
609 1869 803 1919 dicunt,
847 1868 963 1920 quod
997 1868 1087 1909 sine
1120 1868 1204 1909 oris
1246 1868 1512 1909 confessione
1558 1882 1644 1909 non
1691 1869 1966 1910 dimittuntur

336 1948 526 1999 peccata,
548 1945 740 1986 roborati
760 1945 826 1985 his
847 1945 1195 1986 auctoritatibus:
1231 1945 1311 1985 Dic
1331 1946 1569 1998 Υἱηφῗ(Ιιιῑῖΐαΐεε
1590 1949 1694 1997 ruas,
1715 1950 1757 1985 ut
1776 1945 1966 1998 iustifice-

336 2024 396 2065 ris
424 2022 497 2076 (Is.
520 2023 589 2074 43,
606 2021 694 2075 26).
732 2022 857 2063 Item:
882 2021 976 2062 Non
996 2021 1202 2074 clirc’ssez‘xm
1221 2022 1311 2075 quis
1331 2021 1386 2061 (ccl
1407 2035 1490 2073 ico-5,
1513 2022 1595 2061 mse?
1615 2021 1820 2074 confessus
1836 2022 1967 2075 fuerit

336 2100 536 2139 classicus
557 2097 626 2151 (ef.
644 2098 765 2140 Prov.
781 2100 851 2150 ⁸28,
869 2098 955 2151 13).
994 2098 1046 2138 Et
1060 2098 1081 2138 J
1090 2098 1216 2139 acob
1229 2110 1300 2139 us:
1330 2097 1589 2150 C'cmfitemini
1609 2102 1676 2138 etc.
1701 2098 1807 2152 (Just.
1826 2101 1864 2150 5,
1881 2099 1964 2152 16).

285 2194 319 2219 25
340 2176 415 2216 Vel
459 2175 740 2216 auctoritates
788 2174 1072 2226 praemissae:
1121 2174 1239 2221 Diaei,
1285 2173 1499 2226 confitebor
1531 2178 1600 2214 etc.
1646 2174 1881 2226 loquuntur
1925 2175 1966 2215 in

339 2265 453 2301 casu,
487 2251 647 2292 scilicet
678 2251 732 2292 de
764 2264 850 2291 non
884 2251 1144 2292 habentibus
1177 2254 1362 2302 tempus.
1424 2250 1496 2290 Vel
1528 2250 1651 2291 aliter
1682 2254 1863 2302 possunt
1895 2250 1967 2291 de-

338 2328 573 2369 terminari.
639 2328 764 2368 Dim:
799 2326 1025 2379 confitebor,
1059 2331 1094 2366 et
1127 2330 1170 2366 tu
1204 2327 1408 2377 remisisti,
1443 2326 1488 2367 id
1522 2329 1585 2367 est
1617 2327 1820 2368 remittes.
1884 2327 1967 2367 Pro

339 2405 471 2445 nimia
503 2403 758 2445 certitudine
790 2404 934 2456 posuit
968 2403 1247 2456 praeteritum
1281 2416 1358 2455 pro
1386 2403 1529 2443 futuro
1557 2416 1676 2444 more
1701 2399 1966 2456 'prophetico

340 2481 416 2522 Vel
449 2480 588 2522 aliter:
630 2480 696 2520 Tu
729 2479 942 2530 remisisti,
977 2479 1019 2520 id
1053 2482 1133 2520 est:
1174 2479 1441 2531 impietatem
1475 2481 1652 2532 peccati.
1715 2480 1811 2520 Non
1844 2480 1966 2520 dixit:

287 2573 321 2598 30
341 2557 561 2598 Remisisti
595 2559 835 2609 peccatum,
879 2558 925 2596 ut
958 2558 1129 2597 notaret
1162 2558 1387 2608 peccatum
1430 2569 1514 2596 non
1556 2556 1709 2596 dimitti
1752 2556 1842 2597 sine
1885 2557 1969 2596 oris

484 2702 503 2735 5
530 2700 753 2744 ingemuerit,
781 2700 932 2742 s(a]vus)
958 2699 1052 2741 e(rit)
1070 2701 1111 2734 A.
1228 2698 1247 2731 6
1274 2698 1359 2732 item
1386 2710 1449 2732 om.
1472 2702 1514 2734 Β,
1613 2699 1633 2733 8
1661 2701 1696 2732 et
1722 2711 1742 2733 a
1767 2711 1836 2744 quo
1862 2699 1969 2733 solvit

341 2760 508 2794 sacerdos
527 2772 591 2794 om.
608 2762 650 2794 A.
753 2760 791 2793 11
820 2759 887 2793 sibi
909 2771 971 2793 om.
989 2761 1030 2793 B.
1132 2758 1172 2791 12
1200 2757 1234 2790 id
1263 2760 1317 2791 est
1337 2769 1400 2793 om.
1424 2757 1463 2790 A.
1565 2758 1700 2792 12—13
1720 2764 1800 2801 poss-t
1818 2758 1969 2802 ligatum

342 2821 422 2853 add.
446 2821 478 2853 B
504 2831 593 2853 esse.
743 2819 785 2853 14
819 2818 870 2852 eis
896 2830 960 2853 om.
994 2818 1031 2850 H.
1181 2817 1221 2850 17
1249 2817 1453 2851 sacerdotes
1484 2816 1522 2849 Β.
1669 2818 1713 2851 23
1740 2818 1820 2861 quis
1846 2829 1909 2853 om.
1927 2821 1968 2852 A.

342 2879 386 2913 29
412 2878 633 2923 impietatem
660 2890 722 2912 om.
744 2881 787 2912 A.

486 2998 497 3016 ¹
524 2999 629 3042 Mag.
658 2999 898 3036 Rolandus,
925 3010 958 3043 p.
982 2998 1066 3039 2483
1096 2996 1231 3030 Lomb.
1260 2998 1352 3031 Sem.
1380 2996 1417 3030 L.
1445 2997 1503 3030 IV.
1533 2997 1642 3033 (1.18.
1669 3009 1697 3032 c,
1727 2998 1763 3040 63
1791 2998 1854 3031 SS.
1881 2996 1918 3032 L.
1940 3008 1969 3032 c,

342 3071 375 3104 p.
405 3060 469 3093 147
486 3058 523 3095 C„

487 3117 499 3134 ‘²
525 3130 552 3152 c.
582 3118 635 3152 51.
664 3118 693 3150 d.
723 3118 754 3151 3.
783 3117 825 3150 de
850 3116 982 3161 paenit.
