2106 3453
510 269 701 303 Tractatus
726 268 787 301 IV.
837 268 888 302 De
915 270 1138 303 sacramento
1166 267 1432 301 incarnationis.
1722 266 1792 300 85*

155 375 376 427 spirituale
408 373 585 423 donum,
628 374 744 424 tunc,
787 373 821 413 si
854 372 1000 415 anima
1038 371 1195 413 Christi
1239 371 1371 412 habet
1416 370 1641 422 aequalem
1689 383 1786 411 cum

155 453 244 493 Deo
277 451 550 504 sapientiam,
594 452 747 493 falsum
789 451 868 492 erit
909 451 1043 491 Deum
1084 449 1125 489 in
1160 448 1276 488 omni
1308 448 1423 488 bono
1457 447 1663 488 maiorem
1700 447 1787 488 suf-

153 528 371 570 ficentiam
399 528 575 579 habere,
604 542 735 582 quam
763 528 852 570 eius
879 529 1137 568 creaturam.
1188 525 1280 566 Hoc
1307 527 1453 566 autem
1482 524 1658 565 minime
1686 538 1786 565 con-

153 605 306 647 cordat
341 606 511 647 rationi.
554 606 694 652 ‚Sicut
728 605 839 647 enim
875 605 1073 646 creatura
1116 602 1291 643 minime
1330 604 1545 654 aequatur
1587 601 1784 651 creatori,

152 683 211 725 ita
246 696 325 724 nec
359 683 520 724 bonum
556 683 682 724 unius
715 683 830 724 bono
873 681 1062 730 alterius,
1096 693 1173 721 nec
1206 679 1461 721 sufficientia
1494 679 1636 728 unius,
1669 679 1786 719 suffi-

152 759 336 801 cientiae
371 760 546 801 alterius
579 762 722 813 potest
753 759 944 812 aequari.

294 836 390 878 Non
425 838 563 879 solum
599 837 681 879 hoc
714 836 955 879 rationibus
987 835 1280 884 confirmatur,
1324 835 1400 876 sed
1436 834 1565 876 etiam
1599 833 1788 874 auctori-

151 916 242 956 tate
276 914 516 967 Apostoli
553 914 750 956 dicentis:
791 914 893 966 Quis
919 914 1005 964 scit,
1034 926 1137 967 quae
1162 917 1259 953 suni
1285 912 1475 964 hominis,
1504 912 1587 951 nisi
1612 911 1787 964 spiritus

151 991 343 1032 hominis.
409 991 612 1032 Similiter
653 1005 756 1046 qliae
797 989 874 1031 Dee:
914 994 1022 1042 simi,
1062 1003 1177 1030 nemo
1217 990 1329 1029 novit
1367 989 1451 1029 nisi
1492 989 1666 1043 spiritus
1708 988 1787 1029 Dei

152 1067 204 1120 (1.
244 1067 338 1108 Cor.
373 1068 412 1119 2,
438 1066 522 1121 11).
573 1091 622 1095 --
670 1067 776 1107 Item
816 1066 917 1107 dicit
950 1065 1252 1106 Ambrosius
1286 1065 1512 1106 confutans
1546 1064 1786 1106 haereticos

150 1145 392 1185 asserentes
434 1143 630 1196 spiritum
679 1156 771 1184 esse
813 1144 1070 1192 creaturam,
1114 1142 1318 1194 quoniam
1365 1141 1453 1182 Deo
1494 1143 1707 1193 aequatur
1745 1141 1786 1181 in

150 1218 339 1261 scientia.
427 1219 471 1259 Si
519 1218 600 1260 hoc
645 1220 949 1269 argumentum
995 1217 1173 1258 alicuius
1219 1217 1423 1270 ponderis
1468 1219 1545 1267 est,
1591 1230 1616 1257 a
1661 1216 1798 1257 simili,

150 1294 295 1336 anima
341 1294 511 1346 Christi,
558 1295 592 1335 si
637 1297 851 1347 aequatur
898 1295 983 1335 Deo
1030 1294 1069 1334 in
1113 1293 1304 1344 scientia,
1350 1306 1434 1334 non
1481 1295 1544 1333 est
1579 1294 1785 1333 creatura.

152 1371 295 1412 Item:
343 1371 492 1411 Lucem
526 1371 640 1411 Deus
671 1368 829 1411 habitat
861 1369 1175 1410 'inaccessibilem
1208 1369 1261 1424 (I.
1289 1369 1397 1410 Tim.
1421 1372 1458 1421 ὅ)
1485 1368 1569 1422 16),
1603 1382 1681 1409 nec
1719 1382 1785 1408 sa-

149 1447 327 1500 pientiae
367 1448 453 1487 eius
493 1446 590 1499 finis
630 1447 688 1487 vel
729 1460 925 1486 numerus
958 1444 1255 1500 (Ps.]21(;„5);
1295 1458 1374 1486 nec
1406 1444 1598 1496 angelica
1630 1446 1786 1486 natura

153 1536 231 1564 nec
263 1523 456 1564 humana
488 1523 744 1576 sapientiam
780 1522 855 1564 Dei
886 1523 1012 1575 plene
1044 1524 1186 1575 potest
1227 1522 1605 1574 comprehendere.
1669 1522 1786 1572 Quo-

150 1599 280 1640 modo
326 1599 437 1639 enim
482 1599 628 1640 anima
670 1598 827 1640 Christi
868 1598 1266 1652 comprehenderet,
1312 1601 1418 1650 quot
1456 1598 1594 1651 pisces
1634 1599 1786 1640 natent

151 1674 194 1715 in
230 1675 353 1725 mari,
387 1677 492 1727 quot
523 1674 685 1728 pulices
717 1677 952 1716 nascantur
985 1677 1144 1727 quotve
1176 1674 1441 1716 moriantur?

296 1752 380 1793 Sed
414 1752 546 1793 verba
579 1765 690 1804 quae
724 1752 1024 1793 Ambrosius
1058 1751 1171 1796 dicit.
1213 1752 1402 1792 animam
1437 1750 1595 1793 scilicet
1628 1752 1782 1793 Christi

149 1828 308 1869 habere
342 1828 487 1870 onmia
519 1841 596 1881 per
632 1828 830 1880 gratiam,
874 1841 986 1881 quae
1017 1828 1133 1869 Deus
1164 1828 1296 1870 habet
1328 1840 1405 1880 per
1436 1830 1651 1877 naturam,
1695 1841 1789 1869 11011

147 1905 256 1946 adeo
310 1905 564 1956 generaliter
621 1904 878 1957 exponenda
934 1907 1047 1955 sunt,
1104 1907 1153 1945 ut
1197 1904 1365 1945 dicatur
1409 1904 1580 1946 animae
1626 1904 1782 1946 Christi

146 1995 322 2034 prorsus
364 1982 502 2024 inesse
545 1982 690 2022 omnia
733 1984 774 2023 et
811 1982 1011 2034 aequalia
1053 1982 1168 2023 bona
1200 1995 1277 2034 per
1308 1981 1504 2033 gratiam,
1548 1994 1659 2034 quae
1692 1981 1781 2022 Deo

147 2058 409 2099 conveniunt
452 2071 527 2110 per
572 2060 794 2107 naturam;
841 2058 923 2099 hoc
964 2058 1075 2099 enim
1115 2058 1268 2109 falsum
1311 2070 1404 2098 esse
1436 2070 1564 2098 nemo
1597 2057 1780 2109 ignorat,

147 2147 243 2175 cum
276 2134 390 2175 Deus
423 2136 638 2184 aeternus,
673 2147 822 2175 carens
857 2134 1063 2187 principio
1099 2137 1140 2175 et
1172 2134 1270 2184 fine,
1304 2134 1449 2174 anima
1476 2134 1621 2175 autern
1657 2147 1780 2174 exor-

146 2210 262 2251 dium
307 2210 439 2252 habet
481 2224 531 2252 ex
574 2213 784 2263 tempore.
871 2210 965 2252 Hoc
1009 2224 1124 2263 ergo,
1176 2210 1292 2262 quod
1335 2209 1435 2250 dicit
1479 2210 1814 2251 Ambrosium

146 2299 232 2327 non
265 2286 513 2339 supradicto
546 2286 677 2327 modo
711 2287 1013 2340 exponendum
1050 2288 1126 2328 est.
1192 2286 1284 2327 Hoc
1316 2286 1522 2328 intellexit
1555 2299 1605 2327 ex
1638 2287 1779 2327 verbis

145 2363 224 2404 illis
250 2363 478 2414 affirmare,
513 2363 628 2416 quod
656 2364 764 2405 sicut
790 2364 832 2405 in
854 2365 941 2405 Deo
965 2366 1028 2405 est
1054 2363 1308 2405 sufficientia
1329 2363 1543 2404 bonorum
1570 2363 1776 2414 omnium,

145 2440 204 2481 ita
237 2440 323 2481 fere
356 2439 500 2482 omnia
529 2439 677 2481 eadem
712 2440 827 2481 bona
861 2442 962 2481 sunt
987 2440 1029 2480 in
1063 2440 1209 2481 anima
1242 2439 1396 2481 Christi
1430 2442 1473 2480 et
1505 2440 1780 2482 abundanter

145 2516 188 2557 in
227 2530 277 2558 ea
314 2518 427 2558 sunt,
491 2516 636 2557 Simile
669 2530 771 2558 vero
811 2530 944 2569 genus
976 2516 1203 2558 locutionis
1236 2518 1317 2557 est:
1370 2516 1591 2557 luminat
1623 2530 1778 2557 omnem

294 2632 309 2665 1
351 2631 492 2673 donum]
529 2631 659 2665 bonum
687 2633 730 2665 Β.
828 2630 1013 2675 aequalem
1056 2634 1133 2665 Wm
1167 2642 1233 2665 om.
1254 2632 1284 2664 Α
1306 2631 1351 2664 Β.
1460 2631 1480 2665 3
1515 2631 1672 2673 11111111110]
1709 2643 1777 2665 non

155 2693 243 2725 Wm.
359 2693 382 2724 4
407 2691 551 2735 aequari
577 2703 646 2725 non
672 2693 792 2735 potest
825 2693 912 2725 Wm.
1030 2691 1047 2723 7
1074 2690 1153 2735 hoc]
1180 2690 1236 2724 his
1270 2692 1355 2724 Wm.
1472 2690 1593 2733 etiam]
1620 2692 1657 2725 et.
1688 2694 1776 2725 Wm.

146 2750 167 2784 9
190 2755 273 2794 post
298 2749 452 2784 hominis
469 2752 551 2784 add.
568 2752 600 2784 B
616 2751 675 2794 qui
690 2751 725 2784 in
741 2750 817 2795 ipso
833 2752 901 2784 est.
978 2749 1115 2785 10-19
1132 2751 1273 2785 Item...
1285 2749 1347 2783 sed
1369 2749 1477 2783 verba
1492 2761 1582 2794 quae
1603 2762 1667 2784 om.
1691 2752 1776 2784 Wm.

149 2809 190 2842 17
220 2815 302 2852 post
334 2808 465 2843 Christi
500 2811 632 2844 add.B
658 2810 693 2844 in
720 2812 908 2844 momento.
1009 2810 1051 2843 19
1078 2809 1151 2843 Νο0
1184 2811 1351 2844 moveant
1382 2809 1574 2853 quidquam
1603 2809 1775 2853 quaedam

145 2867 256 2902 verba
280 2867 460 2903 Ambrosii
487 2868 638 2903 dicentis
661 2871 748 2903 Wm.
847 2869 892 2903 20
917 2868 1026 2903 habet
1047 2871 1124 2903 Wm
1143 2868 1314 2902 habuitA
1332 2869 1373 2902 Β.
1471 2869 1513 2902 21
1542 2868 1663 2903 dicant
1690 2871 1775 2903 IsVm.

146 2927 190 2961 22
206 2927 336 2970 inesse]
364 2928 433 2962 iam
460 2939 540 2963 esse
566 2930 607 2971 (2)
630 2921 716 2962 Μή.
792 2929 927 2972 2411031
953 2940 1031 2963 cum
1047 2930 1177 2963 acld.A
1193 2930 1224 2962 B
1250 2928 1354 2962 enim.
1429 2928 1560 2972 autem]
1587 2940 1670 2962 vero
1689 2930 1777 2963 Wm.

145 2986 188 3020 25
215 2986 281 3020 hoc
296 3015 302 3021 .
318 3014 344 3021 ..
366 2988 613 3032 exponendum
635 2990 691 3022 est
711 3000 775 3022 om.
798 2990 884 3022 Wm.
983 2988 1094 3031 igitur
1116 2989 1156 3023 Β.
1255 2988 1300 3022 26
1326 2987 1414 3022 haee
1434 2988 1546 3032 igitur
1565 2988 1776 3023 Ambrosius

144 3044 326 3079 intellexit
357 3045 429 3080 illis
460 3046 581 3081 verbis
608 3049 696 3082 Wm..
795 3048 838 3081 27
866 3048 1020 3081 omnium
1048 3049 1080 3081 B
1101 3049 1201 3091 Wm„
1228 3060 1292 3081 om.
1319 3051 1362 3082 Α.
1461 3047 1504 3081 28
1532 3047 1714 3082 abundant
1739 3048 1774 3082 in

145 3116 186 3138 ea
211 3116 296 3149 prae
316 3106 445 3140 ceteris
471 3106 661 3146 creatariffi
690 3118 754 3140 1100
768 3109 888 3141 tamen
910 3106 1092 3141 abundant]
1117 3106 1152 3140 in
1180 3118 1221 3140 ea
1247 3108 1283 3141 et
1309 3106 1345 3140 in
1365 3106 1439 3141 Deo
1460 3107 1659 3152 aequaliter
1686 3110 1774 3143 Wm.

144 3163 189 3198 29
214 3175 299 3198 vero
325 3177 390 3200 om.
426 3167 511 3201 Wm.
610 3164 693 3199 alibi
721 3165 907 3210 reperitur,
929 3165 1034 3210 quale
1060 3167 1116 3200 est
1142 3165 1226 3200 illud
1262 3168 1348 3200 Wm.

1812 1079 1841 1103 10

1810 1464 1840 1488 15

1804 1844 1836 1869 20
