2106 3453
309 263 373 298 102
383 264 399 282 *
896 262 1102 296 Sententiae
1130 261 1340 297 divinitatis,

446 367 529 408 Sed
571 367 605 407 si
649 367 884 408 secundum
928 365 1066 407 solam
1108 365 1345 406 humanam
1379 367 1579 406 naturam
1616 365 1826 406 mediator
1859 368 1935 415 est,

306 443 474 484 videtur
515 442 751 483 secundum
800 455 895 483 eam
935 454 1013 482 nos
1046 441 1135 481 Deo
1171 440 1359 481 mediare
1405 443 1446 481 et
1477 441 1752 482 reconciliare
1793 440 1937 493 sicque

307 519 543 559 secundum
579 532 673 560 eam
708 519 875 559 salvare
908 520 948 558 et
987 517 1179 559 salvator
1212 530 1318 557 esse.
1382 517 1448 557 Ad
1482 516 1563 558 hoc
1602 517 1782 567 dicatur,
1822 517 1937 569 quod

306 595 542 636 secundum
588 595 705 647 quod
750 595 893 644 homo,
942 593 1101 634 mediat
1145 596 1187 633 et
1231 593 1371 635 salvat
1412 606 1498 634 non
1543 593 1814 643 auctoritate,
1863 593 1938 634 sed

308 671 530 713 ministerii
564 671 745 712 ratione.

257 1066 288 1091 10

260 1450 291 1474 15

290 1478 309 1503 ’δ

263 1833 294 1857 20

265 2591 299 2615 30

451 747 494 787 Si
533 747 713 796 dicatur,
753 747 869 799 quod
910 760 994 787 non
1035 746 1111 787 fuit
1149 746 1280 786 homo
1320 749 1421 787 ante
1459 746 1595 797 legem
1636 749 1677 787 et
1715 746 1794 786 sub
1834 746 1938 797 lege,

307 837 392 864 non
439 812 516 864 fuit
561 836 708 863 eorum
757 823 971 864 mediator
1015 822 1086 875 qui
1131 822 1209 862 illis
1255 822 1371 862 suere
1413 822 1698 874 temporibus:
1749 836 1833 863 non
1877 825 1941 863 est

309 913 470 949 verum,
511 899 612 952 quia
644 898 728 939 fide
762 898 853 939 eius
886 911 1036 939 omnes
1069 898 1223 940 salvati
1256 900 1368 946 sunt,
1412 898 1511 950 quia
1545 898 1661 950 quod
1694 911 1772 938 nos
1806 898 1941 939 eredi-

310 988 404 1015 mus
439 975 610 1024 factum,
646 974 725 1015 hoc
758 973 837 1026 ipsi
870 974 1107 1015 credebant
1140 973 1343 1023 futurum,
1380 976 1421 1013 et
1453 973 1512 1015 ita
1546 973 1697 1015 eadem
1725 973 1832 1013 fides
1865 973 1943 1014 fuit

308 1051 477 1091 illorum
512 1053 554 1091 et
586 1053 733 1091 nostra
752 1051 778 1091 1.
844 1050 951 1090 Dicit
983 1050 1111 1091 etiam
1148 1049 1447 1102 Apostolus:
1500 1049 1688 1091 Clu-istus
1728 1050 1770 1089 m
1803 1053 1838 1089 te
1871 1048 1941 1103 (cf.

310 1127 426 1168 Bom.
461 1129 500 1179 3,
528 1127 598 1179 10)
633 1126 675 1166 id
710 1129 785 1176 est,
823 1125 928 1166 fides
961 1125 1052 1167 eius
1086 1125 1127 1166 in
1162 1126 1290 1166 corde
1323 1128 1411 1166 tuo.

452 1202 588 1243 Simili
622 1203 750 1243 modo
784 1204 914 1254 caput
946 1202 1025 1242 fuit
1058 1204 1099 1242 et
1132 1204 1207 1252 est,
1253 1201 1489 1242 secundum
1524 1201 1640 1253 quod
1673 1201 1816 1251 homo,
1851 1214 1944 1242 om-

311 1279 426 1320 nium
470 1278 891 1331 praedestinatorum
934 1277 1127 1318 omnium
1171 1280 1430 1330 temporum,
1475 1277 1680 1330 quoniam
1724 1277 1776 1318 de
1809 1276 1944 1329 pleni-

310 1356 460 1396 tudine
502 1355 591 1396 eius
633 1368 783 1396 omnes
823 1356 1082 1407 acceperunt
1116 1356 1157 1394 et
1190 1353 1419 1406 accipiunt.
1485 1354 1543 1395 Ea
1576 1366 1765 1406 namque
1798 1353 1944 1394 simili-

312 1432 474 1482 tudine,
516 1431 753 1473 seeundum
801 1431 915 1483 quod
962 1431 1106 1480 homo,
1153 1431 1308 1471 dicitur
1352 1433 1481 1483 caput
1525 1430 1729 1471 eeclesiae
1772 1432 1814 1471 et
1852 1429 1946 1482 ipsa

313 1521 469 1561 corpus
502 1508 606 1558 eius,
639 1507 740 1560 quia
773 1508 882 1548 sieut
913 1508 957 1548 in
989 1507 1129 1560 capite
1163 1520 1313 1548 omnes
1346 1520 1497 1548 sensus
1532 1509 1572 1547 et
1605 1520 1630 1548 a
1663 1506 1802 1558 capite
1835 1506 1945 1547 deri-

316 1587 471 1626 vantur
502 1585 544 1625 in
579 1588 720 1625 cetera
753 1584 962 1633 membra,
1002 1583 1061 1624 ita
1101 1584 1143 1624 in
1176 1583 1346 1624 Christo
1388 1583 1562 1624 homine
1599 1582 1821 1636 plenitudo
1854 1596 1947 1623 om-

314 1661 432 1702 nium
474 1661 700 1710 donorum,
747 1660 799 1701 de
841 1660 961 1701 ouius
1002 1660 1268 1712 plenitudine
1308 1673 1458 1701 omnes
1491 1659 1718 1712 accipiunt,
1764 1662 1806 1700 et
1838 1660 1948 1701 sicut

315 1751 443 1779 nemo
475 1738 579 1778 vivit
619 1737 709 1778 sine
748 1736 902 1789 capite,
949 1737 1007 1777 ita
1040 1737 1217 1778 ecelesia
1250 1750 1336 1777 non
1369 1739 1512 1789 potest
1544 1736 1687 1777 vivere
1719 1736 1947 1777 virtutibus

315 1814 406 1855 sine
438 1814 623 1855 Christo,
679 1815 739 1855 De
771 1813 851 1854 ista
886 1813 1045 1854 unione
1079 1813 1282 1865 corporis,
1316 1813 1358 1854 id
1385 1815 1449 1854 est
1483 1813 1699 1863 eeclesiae,
1734 1813 1789 1853 ad
1817 1815 1948 1865 caput

315 1903 454 1940 suum,
500 1889 541 1930 id
587 1892 651 1930 est
695 1889 927 1939 Christum,
970 1889 1230 1930 sufficienter
1274 1889 1321 1929 in
1367 1889 1538 1940 glossa
1576 1902 1731 1942 super
1761 1889 1948 1930 Johan-

316 1979 429 2007 nem
464 1968 511 2007 et
544 1966 602 2006 de
634 1978 792 2018 parvo
826 1965 1030 2007 Christo
1065 1967 1112 2006 et
1146 1968 1373 2016 magno?

457 2044 497 2083 4.
550 2042 848 2092 Quaeritur,
909 2045 1074 2082 utrum
1137 2054 1270 2083 mors
1330 2041 1521 2083 Christi
1572 2041 1726 2082 fuerit
1777 2054 1949 2082 sacra-

317 2121 536 2160 mentum
572 2118 905 2159 remissionis.

460 2195 610 2235 Omnis
631 2194 741 2235 enim
765 2207 832 2235 res
854 2194 1113 2235 sacramenti
1137 2194 1304 2245 dignior
1324 2207 1401 2234 suo
1423 2196 1708 2234 sacramento.
1756 2193 1812 2234 Ut
1833 2206 1949 2233 mors

318 2270 489 2321 Christi,
534 2284 645 2322 quae
690 2270 958 2321 figurabatur
1002 2270 1042 2310 in
1076 2269 1282 2311 sacrificio
1316 2269 1474 2311 vitulae
1506 2270 1640 2319 rufae,
1687 2269 1854 2320 dignior
1886 2271 1950 2310 est

318 2348 388 2388 illo
422 2346 644 2396 sacrificio,
679 2346 738 2387 sic
771 2359 944 2398 quoque
977 2345 1171 2387 remissio
1200 2346 1366 2398 dignior
1398 2346 1478 2386 erit
1504 2348 1641 2386 morte
1669 2345 1839 2395 Christi,
1874 2358 1950 2397 per

319 2436 451 2476 quam
486 2422 762 2473 significatur.

460 2499 545 2539 Sed
578 2511 663 2539 non
699 2497 866 2539 videtur
892 2510 984 2538 esse
1011 2511 1175 2547 verum,
1210 2497 1310 2550 quia
1338 2510 1454 2538 mors
1481 2497 1637 2538 Christi
1664 2510 1750 2537 non
1777 2499 1948 2537 tantum

320 2574 394 2615 fuit
429 2575 566 2626 figura
600 2574 876 2623 remissionis,
916 2573 990 2615 sed
1030 2574 1159 2615 etiam
1193 2587 1324 2615 causa
1358 2573 1558 2614 efficiens.
1623 2572 1749 2622 Quod
1783 2576 1950 2614 ceterae

461 2688 480 2722 3
507 2688 724 2722 salvatorem
748 2691 790 2722 A.
894 2688 914 2720 5
941 2686 1130 2721 ministerii
1158 2690 1300 2731 scripsi.
1335 2689 1363 2720 A
1381 2687 1413 2720 Β
1432 2686 1593 2720 misterii.
1699 2687 1719 2720 6
1741 2692 1822 2729 post
1848 2685 1950 2719 homo

320 2749 403 2781 add.
433 2748 462 2780 Β
493 2749 663 2791 tempore.
763 2747 781 2780 7
809 2758 877 2780 non
911 2748 1007 2780 esset
1041 2746 1145 2780 homo
1178 2746 1370 2781 secundum
1409 2745 1500 2790 quod
1538 2745 1651 2785 hom0‚
1689 2745 1854 2789 quoniam
1881 2744 1949 2779 fide

319 2807 474 2840 humana
499 2807 576 2840 eius
601 2818 723 2840 omnes
749 2805 881 2840 salvati
907 2808 998 2846 sunt,
1036 2806 1235 2850 quicunque
1269 2805 1399 2840 salvati
1432 2808 1663 2849 temporaque
1696 2804 1836 2838 variata
1868 2806 1952 2837 sunt

319 2878 387 2900 non
413 2865 509 2900 fides.
563 2865 658 2899 Dicit
684 2865 846 2901 enim...
869 2867 909 2901 B.
1004 2866 1043 2899 ll
1068 2871 1150 2909 post
1176 2865 1211 2899 in
1238 2867 1320 2904 add.
1350 2868 1379 2898 A
1406 2866 1490 2900 t0t0.
1590 2865 1635 2898 20
1662 2864 1695 2897 id
1724 2866 1779 2897 est
1804 2866 1948 2907 scripsi.

321 2927 349 2959 A
369 2927 399 2958 B
427 2928 491 2959 est.
589 2925 630 2958 21
661 2924 848 2967 evangelio
869 2927 898 2958 A
927 2923 1049 2968 glossa
1075 2924 1159 2968 (gla)
1182 2926 1223 2960 B.
1322 2924 1365 2958 23
1392 2924 1576 2968 quaeritur
1596 2935 1659 2957 om.
1686 2925 1723 2956 B.
1823 2923 1866 2957 25
1888 2934 1951 2956 suo

322 2996 384 3020 om.
415 2987 456 3018 A.
556 2984 607 3025 ut]
636 2983 729 3017 unde
755 2986 800 3017 A.
898 2983 941 3017 27
970 2983 1102 3017 Christi
1131 2995 1194 3017 om.
1224 2986 1266 3018 A.

465 3076 474 3092 ¹
503 3075 536 3109 S.
563 3075 644 3108 Leo
671 3086 799 3119 papa,
829 3077 949 3109 Sermo
977 3078 1029 3108 63.
1058 3086 1134 3119 cap.
1164 3074 1204 3109 ΙΙ.
1234 3074 1314 3112 (PL.
1343 3075 1398 3112 54,
1419 3074 1488 3108 354
1509 3074 1562 3115 B).

466 3132 478 3151 ²
507 3134 604 3175 Quae
632 3134 680 3168 sit
705 3133 793 3169 haec
818 3134 950 3178 glossa,
977 3134 1063 3167 mihi
1090 3146 1158 3167 non
1186 3134 1274 3167 satis
1301 3135 1451 3167 constat.
