2106 3453
641 234 834 271 Tractatus
863 233 905 270 V.
956 232 1008 270 De
1034 234 1280 272 sacramentis.
1689 230 1780 270 115>k

140 356 209 382 sus
238 341 369 395 fuerit
396 344 474 383 etc.
511 341 676 394 (Matth.
703 343 768 394 10,
786 341 859 394 32)
895 343 952 382 et:
993 341 1074 392 Qua·
1096 340 1235 394 perdit
1261 341 1445 381 animam
1470 354 1588 380 sicam
1608 344 1781 394 propter

141 435 163 458 γι
183 434 213 470 e,
255 419 427 458 inveniet
460 432 547 458 eam
581 417 747 471 (Matth.
785 419 852 468 10,
874 417 963 469 39).
1021 416 1157 457 Nimis
1190 416 1307 467 larga
1342 419 1434 457 erat
1462 416 1778 457 universalitas:

141 494 236 534 Nise?
267 495 358 549 flecis
391 497 486 543 etc.,
520 494 595 534 sed
630 493 900 545 restringitur
932 495 975 533 et
1008 492 1179 534 dicitur:
1220 493 1300 544 Qui
1331 506 1392 532 me
1423 491 1643 545 confess-iffi.

282 570 425 611 Solet
458 570 636 622 quaeri
671 570 729 610 cle
763 569 858 619 his,
902 569 986 622 qui
1019 569 1067 609 in
1102 569 1287 609 itinere
1320 569 1631 615 moriuntur,
1672 581 1779 609 cum

140 647 198 688 ad
234 646 549 698 baptismum
584 646 898 695 accelerant,
942 647 1109 685 utrum
1143 645 1454 685 salventurl.
1523 644 1583 684 De
1625 644 1779 696 quibus

138 722 492 773 Augustinus2
531 722 607 762 ait:
656 721 810 770 ‚Etiam
845 723 975 773 atque
1010 721 1137 762 etiam
1173 720 1451 762 considerans
1486 720 1656 760 invenio
1691 733 1778 760 non

139 799 279 839 solum
322 798 575 851 martyrium
610 797 744 838 vicem
778 797 981 849 baptismi
1018 797 1226 846 obtinere,
1272 796 1347 837 sed
1390 796 1519 837 etiam
1563 796 1692 836 fidem
1740 798 1781 835 et

140 874 466 923 consessionem,
508 873 682 925 quando
718 873 892 925 quidem
928 873 981 914 ad
1018 873 1281 925 baptismum
1315 885 1394 924 pro
1428 872 1635 923 angustiis
1670 874 1779 912 tem-

139 962 291 1000 porum
337 949 566 989 subvenire
612 961 697 988 non
744 951 913 1000 potest‘.
983 948 1138 988 idem:
1189 948 1423 997 ,Quantum
1463 947 1617 996 valeat,
1665 946 1779 998 quod

139 1024 240 1065 dicit
274 1025 580 1077 Apostolus:
636 1024 764 1064 Corde
804 1027 882 1064 etc.
919 1023 1053 1077 (Hom.
1085 1025 1151 1075 10,
1178 1024 1262 1077 10),
1310 1024 1349 1064 in
1391 1024 1557 1063 latrone
1598 1036 1780 1075 perpen—

139 1100 266 1150 ditur,
315 1100 387 1152 qui
421 1100 511 1141 sola
544 1100 629 1140 fide
663 1102 704 1140 et
738 1099 1004 1140 consessione
1037 1100 1230 1141 salvatus
1263 1102 1339 1140 est.
1404 1100 1447 1139 In
1483 1099 1547 1139 his
1581 1098 1781 1139 omnibus

139 1177 254 1217 valet
294 1176 415 1226 fides,
462 1175 735 1216 solummodo
782 1189 867 1215 non
908 1178 1158 1227 contemptu
1206 1176 1434 1225 religionis,
1488 1176 1560 1215 sed
1601 1175 1780 1216 articulo

139 1252 416 1292 necessitatis
439 1265 465 1292 a
486 1251 703 1303 baptismo
726 1251 991 1291 excluditur‘.
1045 1251 1150 1291 Item
1174 1251 1474 1291 Ambrosius
1493 1252 1524 1291 3:
1561 1251 1780 1300 ,Ventrem

140 1340 287 1368 meum
322 1327 447 1368 doleo
483 1330 575 1368 etc.‘
634 1327 811 1367 Item4:
848 1327 1072 1379 ,Quicquid
1104 1328 1164 1367 vis
1199 1330 1240 1368 et
1267 1340 1353 1367 non
1382 1329 1520 1379 potes,
1555 1340 1632 1378 pro
1668 1326 1779 1367 facto

140 1404 254 1444 Deus
282 1403 496 1455 imputat‘.
549 1403 692 1444 Item:
727 1403 932 1455 Peccator,
967 1417 1216 1457 qzcaczmzque
1244 1406 1322 1444 etc.
1374 1403 1498 1443 Item
1534 1403 1586 1443 de
1613 1403 1779 1442 ratione

138 1480 392 1533 opponitur:
445 1479 488 1520 Si
530 1482 850 1521 sacramentum
892 1480 1096 1532 baptismi
1139 1480 1229 1520 sine
1271 1479 1356 1520 fide
1395 1479 1508 1520 valet
1548 1479 1588 1518 in
1622 1478 1778 1530 pueris,

140 1556 277 1596 multo
311 1555 448 1607 magis
482 1556 588 1597 fides
622 1555 713 1596 sine
745 1558 1018 1596 sacramento
1053 1555 1182 1596 debet
1213 1555 1357 1596 valere
1389 1554 1430 1594 in
1465 1554 1635 1595 adultis.

283 1632 469 1673 Econtra
513 1632 735 1684 probatur,
789 1632 905 1684 quod
951 1631 1041 1672 sine
1086 1633 1358 1672 sacramento
1404 1630 1607 1683 baptismi
1652 1643 1780 1670 nemo

144 1710 290 1760 potest
334 1708 505 1749 salvari.
582 1707 654 1748 Ait
699 1708 791 1760 ipsa
833 1708 1009 1749 veritas:
1057 1707 1152 1748 Nise?
1193 1708 1283 1761 quis
1323 1710 1491 1746 renatus
1529 1709 1609 1748 ete.
1673 1707 1778 1746 ltem

141 1783 512 1834 Augustinus&
568 1783 640 1832 ,Ex
687 1797 772 1836 quo
819 1783 1027 1824 Dominus
1067 1783 1174 1824 haec
1220 1783 1350 1823 verba
1396 1782 1512 1831 flixit,
1560 1782 1814 1823 nemineme

140 1859 353 1899 credimus
393 1872 521 1911 posse
560 1859 715 1900 salvari
755 1859 846 1899 sine
879 1860 1152 1901 sacramento
1188 1858 1404 1910 baptismi,
1439 1861 1618 1909 excepto
1652 1858 1779 1898 dum-

139 1937 275 1984 taxat,
308 1934 340 1975 si
374 1934 626 1985 sanguinem
663 1948 739 1986 pro
773 1935 942 1976 Christo
977 1935 1163 1975 fuderit‘.

278 2083 298 2116 2
327 2094 403 2116 eam
432 2095 501 2116 om.
529 2085 570 2116 B.
693 2084 713 2116 3
740 2085 776 2116 et
810 2083 913 2116 detur
938 2095 1016 2116 cum
1044 2082 1207 2116 subditur
1236 2084 1275 2116 B.
1398 2083 1419 2114 4
1447 2082 1517 2116 illis
1549 2084 1585 2114 l›'.
1699 2087 1779 2124 post

138 2142 268 2176 itinere
295 2144 378 2176 add.
407 2144 438 2175 R
465 2142 716 2186 impediuntur.
825 2143 844 2175 9
872 2154 939 2175 non
967 2155 1030 2177 om,
1064 2145 1102 2177 I›'.
1214 2142 1254 2175 10
1282 2141 1394 2174 Credo
1423 2144 1464 2174 Α.
1566 2142 1607 2174 13
1636 2153 1655 2174 a
1681 2141 1777 2184 bapt.

137 2201 277 2236 exclud.
304 2213 369 2237 om.
390 2204 429 2236 Α.
538 2201 582 2235 20
605 2208 686 2245 post
713 2213 781 2245 quo
809 2203 892 2234 add.
923 2204 952 2235 B
980 2202 1065 2245 ipse.
1163 2201 1251 2234 haec
1280 2201 1388 2234 verba
1414 2214 1477 2234 om.
1509 2201 1558 2243 Β,-
1580 2206 1660 2243 pos-t
1687 2200 1779 2233 dixit

138 2263 220 2294 add.
248 2261 325 2294 Nisi
353 2261 442 2305 quis.
584 2260 627 2293 21
656 2260 747 2304 sine]
774 2261 911 2304 absque
940 2263 981 2294 Β.
1126 2266 1204 2304 post
1231 2260 1399 2303 baptismi
1428 2262 1510 2293 (ald.
1542 2262 1570 2293 B
1597 2262 1633 2293 ct
1665 2260 1776 2292 vitam

136 2322 317 2354 aeternam
346 2320 526 2363 consequi.
580 2319 685 2354 Item:
715 2319 1016 2353 Catecliumenum
1047 2319 1211 2363 quamvis
1239 2319 1340 2352 bonis
1367 2319 1533 2363 operibus
1564 2319 1776 2352 instructum

138 2391 206 2412 non
234 2379 413 2412 credimus
440 2390 543 2423 posse
570 2378 702 2412 salvari
731 2378 807 2412 sine
835 2381 1059 2412 sacramento
1087 2378 1255 2423 baptismi
1283 2381 1432 2422 excepto
1455 2406 1460 2412 .
1484 2406 1489 2411 .
1513 2406 1519 2412 .

285 2507 292 2524 ¹
321 2508 384 2542 SS.
411 2518 443 2550 p.
476 2506 597 2547 131C;
627 2506 870 2546 Rolandus,
898 2518 929 2550 p.
957 2506 1025 2539 208
1052 2518 1129 2549 sqq.

280 2565 292 2583 ²⁷
318 2565 435 2600 Grat.
463 2578 492 2600 c.
515 2566 570 2600 34.
595 2566 637 2599 cle
658 2577 753 2600 cons.
782 2565 860 2600 d.4.
890 2565 1022 2598 Ibidem
1045 2568 1081 2598 et
1101 2576 1254 2608 sequens
1276 2564 1382 2598 locus.
1437 2565 1525 2605 ivo,
1555 2566 1641 2598 Pan.
1658 2565 1681 2603 l,
1702 2565 1776 2600 109.

280 2624 292 2642 ³
320 2625 595 2665 Ambrosius»,
636 2627 687 2659 De
722 2626 814 2659 obitu
850 2626 1097 2657 Valeutiniccnt?
1144 2625 1346 2657 Consolatio
1379 2636 1411 2657 u.
1439 2624 1493 2659 29.
1529 2624 1584 2658 30.
1611 2623 1693 2663 (PL.
1725 2625 1776 2659 16.

140 2685 261 2725 1357):
289 2684 338 2717 Ut
365 2683 572 2728 prophetico
599 2686 681 2718 utar
709 2683 860 2728 eloquio,
886 2686 1048 2717 ventrem
1071 2695 1187 2716 meum
1211 2682 1321 2723 doleo,
1344 2685 1505 2716 ventrem
1528 2695 1644 2716 meum
1666 2683 1776 2721 doleo,

136 2744 220 2787 quia
256 2755 357 2787 quem
395 2746 671 2786 regeneraturus
708 2755 814 2782 eram,
857 2743 970 2782 amisi,
1009 2743 1162 2785 gratiam
1201 2744 1330 2782 autem,
1368 2753 1473 2785 quam
1501 2742 1673 2786 poposcit,
1710 2754 1776 2775 nou

137 2803 268 2837 amisit.
295 2802 340 2837 cf.
368 2801 504 2843 GietI.
533 2814 564 2846 p.
594 2804 624 2838 5.

278 2861 291 2879 4
319 2864 511 2905 August.
548 2864 684 2897 Euat-r.
720 2864 754 2895 in
783 2863 839 2895 Ps.
874 2862 929 2895 57.
958 2873 987 2894 n.
1017 2862 1050 2894 4.
1083 2860 1163 2901 (PL.
1202 2860 1257 2899 36,
1292 2861 1389 2900 677>;
1438 2859 1612 2904 Quicquid
1651 2861 1706 2894 vis
1742 2864 1777 2894 et

136 2932 206 2954 non
232 2923 344 2965 potes,
365 2921 501 2955 factum
528 2921 625 2955 Deus
650 2922 846 2965 computat.

278 2978 291 2997 ⁵
316 2979 599 3023 Fulgentius,
630 2982 682 3013 De
705 2982 773 3022 fide
799 2981 846 3012 ad
873 2981 1013 3013 Peli-nm
1042 2990 1070 3012 c.
1099 2978 1160 3012 III.
1188 2990 1221 3011 n.
1248 2978 1304 3012 43.
1332 2978 1413 3018 (PL,
1440 2979 1497 3019 40,
1521 2979 1618 3021 767):
1648 2977 1776 3019 Quem-

137 3039 324 3073 admodum
353 3041 388 3073 et
415 3051 459 3073 ex
486 3039 546 3073 illo
573 3042 746 3083 ternpore,
787 3051 854 3082 quo
881 3038 1048 3072 Salvator
1074 3039 1197 3071 noster
1223 3037 1326 3077 dixit,
1367 3037 1400 3071 Si
1429 3038 1508 3081 quis
1535 3040 1681 3071 renatus
1708 3049 1775 3070 non

136 3098 245 3132 fuerit
263 3110 308 3132 ex
329 3110 421 3142 aqua
443 3100 478 3132 et
498 3098 632 3142 Spiritu
661 3100 795 3138 sancto,
823 3110 891 3131 non
910 3099 1029 3142 potest
1050 3096 1197 3130 introire
1218 3097 1253 3129 in
1274 3108 1422 3140 regnum
1449 3097 1512 3130 Dei
1539 3098 1635 3137 (Joh.
1660 3101 1714 3137 11,
1731 3100 1773 3136 51,

1570 3162 1632 3202 hss

1804 1037 1834 1061 10

1803 1415 1834 1439 15
