<?xml version="1.0" encoding="UTF-8"?>
<!DOCTYPE html PUBLIC "-//W3C//DTD XHTML 1.0 Transitional//EN"
    "http://www.w3.org/TR/xhtml1/DTD/xhtml1-transitional.dtd">
<html xmlns="http://www.w3.org/1999/xhtml" xml:lang="en" lang="en">
 <head>
  <title>
</title>
<meta http-equiv="Content-Type" content="text/html;charset=utf-8" />
  <meta name='ocr-system' content='tesseract 3.04.00' />
  <meta name='ocr-capabilities' content='ocr_page ocr_carea ocr_par ocr_line ocrx_word'/>
</head>
<body>
  <div class='ocr_page' id='page_1' title='image "./diesententiaediv00geye_0179.png"; bbox 0 0 2106 3453; ppageno 0'>
   <div class='ocr_carea' id='block_1_1' title="bbox 489 261 1768 301">
    <p class='ocr_par' dir='ltr' id='par_1_1' title="bbox 489 261 1768 301">
     <span class='ocr_line' id='line_1_1' title="bbox 489 261 1768 301; baseline -0.004 -1"><span class='ocrx_word' id='word_1_1' title='bbox 489 267 680 301; x_wconf 74' lang='lat' dir='ltr'>Tractatus</span> <span class='ocrx_word' id='word_1_2' title='bbox 706 266 765 300; x_wconf 82' lang='lat' dir='ltr'>IV.</span> <span class='ocrx_word' id='word_1_3' title='bbox 817 265 868 299; x_wconf 87' lang='lat' dir='ltr'>De</span> <span class='ocrx_word' id='word_1_4' title='bbox 895 266 1118 299; x_wconf 81' lang='lat' dir='ltr'>sacramento</span> <span class='ocrx_word' id='word_1_5' title='bbox 1145 263 1410 297; x_wconf 73' lang='lat' dir='ltr'>incarnationis.</span> <span class='ocrx_word' id='word_1_6' title='bbox 1677 261 1768 296; x_wconf 89' lang='grc'><strong>101*</strong></span> 
     </span>
    </p>
   </div>
   <div class='ocr_carea' id='block_1_2' title="bbox 134 366 1772 2479">
    <p class='ocr_par' dir='ltr' id='par_1_2' title="bbox 136 366 1769 502">
     <span class='ocr_line' id='line_1_2' title="bbox 136 366 1769 421; baseline -0.003 -10"><span class='ocrx_word' id='word_1_7' title='bbox 136 371 259 411; x_wconf 86' lang='lat' dir='ltr'>Volvi</span> <span class='ocrx_word' id='word_1_8' title='bbox 296 374 338 411; x_wconf 88' lang='lat' dir='ltr'>et</span> <span class='ocrx_word' id='word_1_9' title='bbox 375 370 536 412; x_wconf 86' lang='lat' dir='ltr'>revolvi</span> <span class='ocrx_word' id='word_1_10' title='bbox 578 370 766 411; x_wconf 73' lang='lat' dir='ltr'>diVinam</span> <span class='ocrx_word' id='word_1_11' title='bbox 807 369 1064 421; x_wconf 76' lang='lat' dir='ltr'>scripturam</span> <span class='ocrx_word' id='word_1_12' title='bbox 1105 370 1146 408; x_wconf 84' lang='lat' dir='ltr'>et</span> <span class='ocrx_word' id='word_1_13' title='bbox 1177 379 1264 407; x_wconf 88' lang='lat' dir='ltr'>non</span> <span class='ocrx_word' id='word_1_14' title='bbox 1299 367 1455 417; x_wconf 84' lang='lat' dir='ltr'>inveni,</span> <span class='ocrx_word' id='word_1_15' title='bbox 1490 366 1605 419; x_wconf 86' lang='lat' dir='ltr'>quod</span> <span class='ocrx_word' id='word_1_16' title='bbox 1641 366 1769 407; x_wconf 87' lang='lat' dir='ltr'>Filius</span> 
     </span>
     <span class='ocr_line' id='line_1_3' title="bbox 137 446 732 502; baseline -0.002 -15"><span class='ocrx_word' id='word_1_17' title='bbox 137 447 210 502; x_wconf 84' lang='lat' dir='ltr'>Dei</span> <span class='ocrx_word' id='word_1_18' title='bbox 243 446 456 487; x_wconf 71' lang='lat' dir='ltr'>diceretur</span> <span class='ocrx_word' id='word_1_19' title='bbox 488 446 732 498; x_wconf 84' lang='lat' dir='ltr'>adoptivus.</span> 
     </span>
    </p>

    <p class='ocr_par' dir='ltr' id='par_1_3' title="bbox 134 518 1769 954">
     <span class='ocr_line' id='line_1_4' title="bbox 277 518 1769 573; baseline -0.003 -11"><span class='ocrx_word' id='word_1_20' title='bbox 277 521 489 571; x_wconf 85' lang='lat' dir='ltr'>Quidam</span> <span class='ocrx_word' id='word_1_21' title='bbox 534 521 709 562; x_wconf 80' lang='lat' dir='ltr'>dieunt</span> <span class='ocrx_word' id='word_1_22' title='bbox 752 534 848 562; x_wconf 88' lang='lat' dir='ltr'>eum</span> <span class='ocrx_word' id='word_1_23' title='bbox 888 520 1141 573; x_wconf 83' lang='lat' dir='ltr'>adoptivum</span> <span class='ocrx_word' id='word_1_24' title='bbox 1186 519 1390 568; x_wconf 87' lang='lat' dir='ltr'>dicentes,</span> <span class='ocrx_word' id='word_1_25' title='bbox 1429 518 1557 570; x_wconf 68' lang='lat' dir='ltr'>vquod</span> <span class='ocrx_word' id='word_1_26' title='bbox 1600 518 1769 558; x_wconf 83' lang='lat' dir='ltr'>duobus</span> 
     </span>
     <span class='ocr_line' id='line_1_5' title="bbox 135 594 1766 649; baseline -0.002 -11"><span class='ocrx_word' id='word_1_27' title='bbox 135 598 274 638; x_wconf 88' lang='lat' dir='ltr'>modis</span> <span class='ocrx_word' id='word_1_28' title='bbox 307 598 462 638; x_wconf 82' lang='lat' dir='ltr'>dicitur</span> <span class='ocrx_word' id='word_1_29' title='bbox 494 598 723 649; x_wconf 85' lang='lat' dir='ltr'>adoptivus</span> <span class='ocrx_word' id='word_1_30' title='bbox 756 597 880 646; x_wconf 85' lang='lat' dir='ltr'>filius,</span> <span class='ocrx_word' id='word_1_31' title='bbox 921 597 1005 637; x_wconf 85' lang='lat' dir='ltr'>vel:</span> <span class='ocrx_word' id='word_1_32' title='bbox 1053 596 1162 637; x_wconf 87' lang='lat' dir='ltr'>Cum</span> <span class='ocrx_word' id='word_1_33' title='bbox 1194 595 1313 648; x_wconf 82' lang='lat' dir='ltr'>prius</span> <span class='ocrx_word' id='word_1_34' title='bbox 1346 594 1399 635; x_wconf 79' lang='lat' dir='ltr'>sit</span> <span class='ocrx_word' id='word_1_35' title='bbox 1432 594 1542 634; x_wconf 83' lang='lat' dir='ltr'>filius</span> <span class='ocrx_word' id='word_1_36' title='bbox 1576 594 1766 644; x_wconf 85' lang='lat' dir='ltr'>alterius,</span> 
     </span>
     <span class='ocr_line' id='line_1_6' title="bbox 135 670 1768 725; baseline -0.003 -11"><span class='ocrx_word' id='word_1_37' title='bbox 135 674 189 715; x_wconf 80' lang='lat' dir='ltr'>ab</span> <span class='ocrx_word' id='word_1_38' title='bbox 223 673 357 714; x_wconf 86' lang='lat' dir='ltr'>altero</span> <span class='ocrx_word' id='word_1_39' title='bbox 391 673 638 725; x_wconf 83' lang='lat' dir='ltr'>adoptatur,</span> <span class='ocrx_word' id='word_1_40' title='bbox 674 673 756 714; x_wconf 89' lang='lat' dir='ltr'>vel:</span> <span class='ocrx_word' id='word_1_41' title='bbox 792 673 826 713; x_wconf 89' lang='lat' dir='ltr'>si</span> <span class='ocrx_word' id='word_1_42' title='bbox 859 673 939 713; x_wconf 83' lang='grc'>1100</span> <span class='ocrx_word' id='word_1_43' title='bbox 972 685 1057 713; x_wconf 83' lang='grc'>11011</span> <span class='ocrx_word' id='word_1_44' title='bbox 1092 671 1236 721; x_wconf 84' lang='lat' dir='ltr'>habet,</span> <span class='ocrx_word' id='word_1_45' title='bbox 1270 671 1362 711; x_wconf 81' lang='lat' dir='ltr'>sola</span> <span class='ocrx_word' id='word_1_46' title='bbox 1394 670 1532 722; x_wconf 79' lang='lat' dir='ltr'>gratia</span> <span class='ocrx_word' id='word_1_47' title='bbox 1566 672 1607 710; x_wconf 86' lang='lat' dir='ltr'>et</span> <span class='ocrx_word' id='word_1_48' title='bbox 1633 670 1768 722; x_wconf 88' lang='lat' dir='ltr'>adop-</span> 
     </span>
     <span class='ocr_line' id='line_1_7' title="bbox 135 746 1768 802; baseline -0.002 -12"><span class='ocrx_word' id='word_1_49' title='bbox 135 750 250 790; x_wconf 91' lang='lat' dir='ltr'>tione</span> <span class='ocrx_word' id='word_1_50' title='bbox 296 749 427 791; x_wconf 84' lang='lat' dir='ltr'>habet</span> <span class='ocrx_word' id='word_1_51' title='bbox 468 749 671 802; x_wconf 83' lang='lat' dir='ltr'>quiequid</span> <span class='ocrx_word' id='word_1_52' title='bbox 716 749 859 790; x_wconf 83' lang='lat' dir='ltr'>habet.</span> <span class='ocrx_word' id='word_1_53' title='bbox 936 748 1011 789; x_wconf 89' lang='lat' dir='ltr'>Illa</span> <span class='ocrx_word' id='word_1_54' title='bbox 1056 750 1200 789; x_wconf 83' lang='lat' dir='ltr'>autem</span> <span class='ocrx_word' id='word_1_55' title='bbox 1247 746 1505 788; x_wconf 83' lang='lat' dir='ltr'>auctoritas:</span> <span class='ocrx_word' id='word_1_56' title='bbox 1552 746 1768 798; x_wconf 87' lang='lat' dir='ltr'>Adoptivo</span> 
     </span>
     <span class='ocr_line' id='line_1_8' title="bbox 136 823 1769 878; baseline -0.002 -12"><span class='ocrx_word' id='word_1_57' title='bbox 136 827 223 867; x_wconf 91' lang='lat' dir='ltr'>Deo</span> <span class='ocrx_word' id='word_1_58' title='bbox 265 828 359 875; x_wconf 86' lang='lat' dir='ltr'>etc.,</span> <span class='ocrx_word' id='word_1_59' title='bbox 402 826 454 866; x_wconf 92' lang='lat' dir='ltr'>de</span> <span class='ocrx_word' id='word_1_60' title='bbox 499 825 610 866; x_wconf 88' lang='lat' dir='ltr'>idole</span> <span class='ocrx_word' id='word_1_61' title='bbox 651 825 852 878; x_wconf 85' lang='lat' dir='ltr'>loquitur.</span> <span class='ocrx_word' id='word_1_62' title='bbox 918 825 993 866; x_wconf 89' lang='lat' dir='ltr'>Illa</span> <span class='ocrx_word' id='word_1_63' title='bbox 1036 825 1120 865; x_wconf 86' lang='lat' dir='ltr'>alia</span> <span class='ocrx_word' id='word_1_64' title='bbox 1154 823 1430 866; x_wconf 79' lang='lat' dir='ltr'>Ambrosii:</span> <span class='ocrx_word' id='word_1_65' title='bbox 1484 823 1601 864; x_wconf 85' lang='lat' dir='ltr'>Volvi</span> <span class='ocrx_word' id='word_1_66' title='bbox 1636 825 1677 864; x_wconf 89' lang='lat' dir='ltr'>et</span> <span class='ocrx_word' id='word_1_67' title='bbox 1703 835 1769 863; x_wconf 86' lang='lat' dir='ltr'>re-</span> 
     </span>
     <span class='ocr_line' id='line_1_9' title="bbox 134 901 1498 954; baseline -0.001 -12"><span class='ocrx_word' id='word_1_68' title='bbox 134 902 246 942; x_wconf 87' lang='lat' dir='ltr'>volvi</span> <span class='ocrx_word' id='word_1_69' title='bbox 279 904 358 943; x_wconf 83' lang='lat' dir='ltr'>ete.</span> <span class='ocrx_word' id='word_1_70' title='bbox 384 935 391 943; x_wconf 88' lang='lat'><strong>.</strong></span> <span class='ocrx_word' id='word_1_71' title='bbox 417 935 424 943; x_wconf 91' lang='lat'><strong>.</strong></span> <span class='ocrx_word' id='word_1_72' title='bbox 449 936 456 943; x_wconf 92' lang='lat'>.</span> <span class='ocrx_word' id='word_1_73' title='bbox 480 902 723 954; x_wconf 86' lang='lat' dir='ltr'>adoptivus,</span> <span class='ocrx_word' id='word_1_74' title='bbox 757 902 917 942; x_wconf 81' lang='lat' dir='ltr'>scilieet</span> <span class='ocrx_word' id='word_1_75' title='bbox 949 901 1186 942; x_wconf 82' lang='lat' dir='ltr'>seeundum</span> <span class='ocrx_word' id='word_1_76' title='bbox 1221 901 1338 953; x_wconf 81' lang='lat' dir='ltr'>quod</span> <span class='ocrx_word' id='word_1_77' title='bbox 1373 901 1498 942; x_wconf 87' lang='lat' dir='ltr'>Deus.</span> 
     </span>
    </p>

    <p class='ocr_par' dir='ltr' id='par_1_4' title="bbox 136 976 1770 1408">
     <span class='ocr_line' id='line_1_10' title="bbox 278 976 1768 1030; baseline -0.001 -12"><span class='ocrx_word' id='word_1_78' title='bbox 278 978 378 1018; x_wconf 85' lang='lat' dir='ltr'>Alii</span> <span class='ocrx_word' id='word_1_79' title='bbox 414 991 530 1019; x_wconf 90' lang='lat' dir='ltr'>vero</span> <span class='ocrx_word' id='word_1_80' title='bbox 565 977 758 1027; x_wconf 84' lang='lat' dir='ltr'>dieunt,</span> <span class='ocrx_word' id='word_1_81' title='bbox 806 977 922 1030; x_wconf 83' lang='lat' dir='ltr'>quod</span> <span class='ocrx_word' id='word_1_82' title='bbox 958 977 1085 1017; x_wconf 86' lang='lat' dir='ltr'>Filius</span> <span class='ocrx_word' id='word_1_83' title='bbox 1120 977 1194 1018; x_wconf 90' lang='lat' dir='ltr'>Dei</span> <span class='ocrx_word' id='word_1_84' title='bbox 1228 979 1292 1017; x_wconf 85' lang='lat' dir='ltr'>est</span> <span class='ocrx_word' id='word_1_85' title='bbox 1325 976 1546 1025; x_wconf 78' lang='lat' dir='ltr'>naturalis,</span> <span class='ocrx_word' id='word_1_86' title='bbox 1582 976 1683 1028; x_wconf 81' lang='lat' dir='ltr'>quia</span> <span class='ocrx_word' id='word_1_87' title='bbox 1716 976 1768 1016; x_wconf 88' lang='lat' dir='ltr'>de</span> 
     </span>
     <span class='ocr_line' id='line_1_11' title="bbox 136 1052 1768 1104; baseline -0.001 -10"><span class='ocrx_word' id='word_1_88' title='bbox 136 1053 377 1094; x_wconf 77' lang='lat' dir='ltr'>substantia</span> <span class='ocrx_word' id='word_1_89' title='bbox 417 1054 556 1094; x_wconf 80' lang='lat' dir='ltr'>Patris</span> <span class='ocrx_word' id='word_1_90' title='bbox 599 1056 676 1104; x_wconf 90' lang='lat' dir='ltr'>est,</span> <span class='ocrx_word' id='word_1_91' title='bbox 723 1053 787 1095; x_wconf 86' lang='lat' dir='ltr'>vel</span> <span class='ocrx_word' id='word_1_92' title='bbox 829 1053 862 1094; x_wconf 88' lang='lat' dir='ltr'>si</span> <span class='ocrx_word' id='word_1_93' title='bbox 905 1053 984 1094; x_wconf 80' lang='lat' dir='ltr'>hoe</span> <span class='ocrx_word' id='word_1_94' title='bbox 1031 1066 1115 1093; x_wconf 88' lang='lat' dir='ltr'>non</span> <span class='ocrx_word' id='word_1_95' title='bbox 1156 1052 1299 1101; x_wconf 83' lang='lat' dir='ltr'>habet,</span> <span class='ocrx_word' id='word_1_96' title='bbox 1344 1065 1443 1092; x_wconf 81' lang='lat' dir='ltr'>mox</span> <span class='ocrx_word' id='word_1_97' title='bbox 1486 1055 1532 1093; x_wconf 85' lang='lat' dir='ltr'>ut</span> <span class='ocrx_word' id='word_1_98' title='bbox 1565 1052 1768 1102; x_wconf 83' lang='lat' dir='ltr'>nascitur,</span> 
     </span>
     <span class='ocr_line' id='line_1_12' title="bbox 137 1128 1769 1180; baseline -0.001 -10"><span class='ocrx_word' id='word_1_99' title='bbox 137 1130 223 1171; x_wconf 91' lang='lat' dir='ltr'>Deo</span> <span class='ocrx_word' id='word_1_100' title='bbox 266 1130 468 1178; x_wconf 80' lang='lat' dir='ltr'>nascitur,</span> <span class='ocrx_word' id='word_1_101' title='bbox 516 1130 556 1170; x_wconf 88' lang='lat' dir='ltr'>id</span> <span class='ocrx_word' id='word_1_102' title='bbox 600 1132 665 1171; x_wconf 86' lang='lat' dir='ltr'>est</span> <span class='ocrx_word' id='word_1_103' title='bbox 705 1132 895 1179; x_wconf 79' lang='lat' dir='ltr'>sanetus,</span> <span class='ocrx_word' id='word_1_104' title='bbox 939 1130 1157 1179; x_wconf 76' lang='lat' dir='ltr'>innocens,</span> <span class='ocrx_word' id='word_1_105' title='bbox 1201 1129 1351 1177; x_wconf 85' lang='lat' dir='ltr'>iustus,</span> <span class='ocrx_word' id='word_1_106' title='bbox 1395 1128 1644 1180; x_wconf 82' lang='lat' dir='ltr'>impollutus</span> <span class='ocrx_word' id='word_1_107' title='bbox 1690 1131 1769 1169; x_wconf 80' lang='lat' dir='ltr'>etc.</span> 
     </span>
     <span class='ocr_line' id='line_1_13' title="bbox 136 1204 1769 1247; baseline -0.001 -1"><span class='ocrx_word' id='word_1_108' title='bbox 136 1205 383 1247; x_wconf 80' lang='lat' dir='ltr'>Secundum</span> <span class='ocrx_word' id='word_1_109' title='bbox 430 1206 510 1246; x_wconf 79' lang='grc'>1100</span> <span class='ocrx_word' id='word_1_110' title='bbox 548 1206 656 1247; x_wconf 87' lang='lat' dir='ltr'>bene</span> <span class='ocrx_word' id='word_1_111' title='bbox 697 1205 851 1247; x_wconf 83' lang='lat' dir='ltr'>dicitur</span> <span class='ocrx_word' id='word_1_112' title='bbox 890 1205 1084 1246; x_wconf 82' lang='lat' dir='ltr'>Christus</span> <span class='ocrx_word' id='word_1_113' title='bbox 1124 1205 1233 1245; x_wconf 83' lang='lat' dir='ltr'>filius</span> <span class='ocrx_word' id='word_1_114' title='bbox 1274 1204 1482 1246; x_wconf 86' lang='lat' dir='ltr'>naturalis</span> <span class='ocrx_word' id='word_1_115' title='bbox 1533 1205 1769 1245; x_wconf 82' lang='lat' dir='ltr'>seeundum</span> 
     </span>
     <span class='ocr_line' id='line_1_14' title="bbox 136 1280 1770 1334; baseline -0.001 -12"><span class='ocrx_word' id='word_1_116' title='bbox 136 1282 252 1334; x_wconf 86' lang='lat' dir='ltr'>quod</span> <span class='ocrx_word' id='word_1_117' title='bbox 300 1282 443 1323; x_wconf 84' lang='grc'>1101110.</span> <span class='ocrx_word' id='word_1_118' title='bbox 507 1282 582 1323; x_wconf 90' lang='lat' dir='ltr'>Illa</span> <span class='ocrx_word' id='word_1_119' title='bbox 627 1282 879 1323; x_wconf 80' lang='lat' dir='ltr'>auctoritas:</span> <span class='ocrx_word' id='word_1_120' title='bbox 928 1281 1294 1330; x_wconf 80' lang='lat' dir='ltr'>Praedestinatus,</span> <span class='ocrx_word' id='word_1_121' title='bbox 1338 1280 1477 1322; x_wconf 85' lang='lat' dir='ltr'>idest</span> <span class='ocrx_word' id='word_1_122' title='bbox 1509 1280 1770 1332; x_wconf 12' lang='lat' dir='ltr'>solargratia</span> 
     </span>
     <span class='ocr_line' id='line_1_15' title="bbox 137 1357 1207 1408; baseline -0.001 -9"><span class='ocrx_word' id='word_1_123' title='bbox 137 1358 309 1408; x_wconf 86' lang='lat' dir='ltr'>electus,</span> <span class='ocrx_word' id='word_1_124' title='bbox 344 1360 546 1399; x_wconf 86' lang='lat' dir='ltr'>naturam</span> <span class='ocrx_word' id='word_1_125' title='bbox 579 1371 664 1399; x_wconf 89' lang='lat' dir='ltr'>non</span> <span class='ocrx_word' id='word_1_126' title='bbox 699 1358 897 1408; x_wconf 80' lang='lat' dir='ltr'>excludit,</span> <span class='ocrx_word' id='word_1_127' title='bbox 931 1358 1007 1398; x_wconf 90' lang='lat' dir='ltr'>sed</span> <span class='ocrx_word' id='word_1_128' title='bbox 1040 1357 1207 1398; x_wconf 86' lang='lat' dir='ltr'>merita.</span> 
     </span>
    </p>

    <p class='ocr_par' dir='ltr' id='par_1_5' title="bbox 138 1433 1771 1563">
     <span class='ocr_line' id='line_1_16' title="bbox 278 1433 1771 1487; baseline -0.001 -13"><span class='ocrx_word' id='word_1_129' title='bbox 278 1435 317 1476; x_wconf 68' lang='lat'>2.</span> <span class='ocrx_word' id='word_1_130' title='bbox 365 1434 491 1475; x_wconf 89' lang='lat' dir='ltr'>Item</span> <span class='ocrx_word' id='word_1_131' title='bbox 527 1434 815 1487; x_wconf 82' lang='lat' dir='ltr'>quaeritur,</span> <span class='ocrx_word' id='word_1_132' title='bbox 858 1434 897 1475; x_wconf 86' lang='lat' dir='ltr'>si</span> <span class='ocrx_word' id='word_1_133' title='bbox 938 1434 1177 1475; x_wconf 79' lang='lat' dir='ltr'>Christus</span> <span class='ocrx_word' id='word_1_134' title='bbox 1216 1433 1282 1474; x_wconf 90' lang='lat' dir='ltr'>sit</span> <span class='ocrx_word' id='word_1_135' title='bbox 1322 1433 1575 1474; x_wconf 74' lang='lat' dir='ltr'>mediator</span> <span class='ocrx_word' id='word_1_136' title='bbox 1618 1433 1691 1474; x_wconf 90' lang='lat' dir='ltr'>Dei</span> <span class='ocrx_word' id='word_1_137' title='bbox 1730 1436 1771 1474; x_wconf 89' lang='lat' dir='ltr'>et</span> 
     </span>
     <span class='ocr_line' id='line_1_17' title="bbox 138 1511 1292 1563; baseline 0 -12"><span class='ocrx_word' id='word_1_138' title='bbox 138 1511 401 1551; x_wconf 86' lang='lat' dir='ltr'>hominum</span> <span class='ocrx_word' id='word_1_139' title='bbox 437 1513 484 1552; x_wconf 87' lang='lat' dir='ltr'>et</span> <span class='ocrx_word' id='word_1_140' title='bbox 517 1511 793 1552; x_wconf 79' lang='lat' dir='ltr'>seeundum</span> <span class='ocrx_word' id='word_1_141' title='bbox 830 1524 978 1563; x_wconf 88' lang='lat' dir='ltr'>quam</span> <span class='ocrx_word' id='word_1_142' title='bbox 1012 1511 1292 1551; x_wconf 69' lang='lat' dir='ltr'>naturaml.</span> 
     </span>
    </p>

    <p class='ocr_par' dir='ltr' id='par_1_6' title="bbox 137 1586 1772 2099">
     <span class='ocr_line' id='line_1_18' title="bbox 280 1586 1772 1640; baseline -0.002 -12"><span class='ocrx_word' id='word_1_143' title='bbox 280 1588 564 1640; x_wconf 73' lang='lat' dir='ltr'>Apostolus</span> <span class='ocrx_word' id='word_1_144' title='bbox 617 1587 732 1638; x_wconf 81' lang='lat' dir='ltr'>dicit,</span> <span class='ocrx_word' id='word_1_145' title='bbox 805 1588 919 1640; x_wconf 83' lang='lat' dir='ltr'>quod</span> <span class='ocrx_word' id='word_1_146' title='bbox 973 1590 1037 1628; x_wconf 75' lang='lat' dir='ltr'>est</span> <span class='ocrx_word' id='word_1_147' title='bbox 1087 1587 1287 1627; x_wconf 68' lang='lat' dir='ltr'>mediator</span> <span class='ocrx_word' id='word_1_148' title='bbox 1342 1586 1422 1626; x_wconf 56' lang='lat' dir='ltr'>Dei·</span> <span class='ocrx_word' id='word_1_149' title='bbox 1471 1590 1506 1626; x_wconf 59' lang='grc' dir='ltr'>εἴ</span> <span class='ocrx_word' id='word_1_150' title='bbox 1561 1586 1772 1626; x_wconf 63' lang='lat' dir='ltr'>homimum</span> 
     </span>
     <span class='ocr_line' id='line_1_19' title="bbox 140 1662 1772 1717; baseline -0.001 -13"><span class='ocrx_word' id='word_1_151' title='bbox 140 1664 193 1717; x_wconf 82' lang='lat' dir='ltr'>(I.</span> <span class='ocrx_word' id='word_1_152' title='bbox 235 1664 341 1706; x_wconf 61' lang='lat' dir='ltr'>Tim.</span> <span class='ocrx_word' id='word_1_153' title='bbox 368 1667 408 1717; x_wconf 69' lang='lat'>2,</span> <span class='ocrx_word' id='word_1_154' title='bbox 438 1663 495 1717; x_wconf 81' lang='lat'>5).</span> <span class='ocrx_word' id='word_1_155' title='bbox 576 1664 661 1706; x_wconf 85' lang='lat' dir='ltr'>Sed</span> <span class='ocrx_word' id='word_1_156' title='bbox 705 1664 868 1705; x_wconf 88' lang='lat' dir='ltr'>nullum</span> <span class='ocrx_word' id='word_1_157' title='bbox 916 1663 1103 1705; x_wconf 81' lang='lat' dir='ltr'>medium</span> <span class='ocrx_word' id='word_1_158' title='bbox 1151 1666 1215 1704; x_wconf 87' lang='lat' dir='ltr'>est</span> <span class='ocrx_word' id='word_1_159' title='bbox 1258 1662 1421 1715; x_wconf 81' lang='lat' dir='ltr'>aliquid</span> <span class='ocrx_word' id='word_1_160' title='bbox 1466 1676 1614 1704; x_wconf 86' lang='lat' dir='ltr'>eorum</span> <span class='ocrx_word' id='word_1_161' title='bbox 1660 1675 1772 1715; x_wconf 84' lang='lat' dir='ltr'>quae</span> 
     </span>
     <span class='ocr_line' id='line_1_20' title="bbox 140 1738 1771 1791; baseline -0.001 -11"><span class='ocrx_word' id='word_1_162' title='bbox 140 1740 315 1791; x_wconf 84' lang='lat' dir='ltr'>mediat,</span> <span class='ocrx_word' id='word_1_163' title='bbox 349 1740 508 1782; x_wconf 81' lang='lat' dir='ltr'>seilicet</span> <span class='ocrx_word' id='word_1_164' title='bbox 540 1743 844 1782; x_wconf 80' lang='lat' dir='ltr'>extremorum.</span> <span class='ocrx_word' id='word_1_165' title='bbox 912 1740 1032 1780; x_wconf 88' lang='lat' dir='ltr'>Unde</span> <span class='ocrx_word' id='word_1_166' title='bbox 1054 1740 1247 1781; x_wconf 82' lang='lat' dir='ltr'>Christus</span> <span class='ocrx_word' id='word_1_167' title='bbox 1280 1752 1359 1780; x_wconf 85' lang='lat' dir='ltr'>nee</span> <span class='ocrx_word' id='word_1_168' title='bbox 1384 1739 1499 1780; x_wconf 88' lang='lat' dir='ltr'>Deus</span> <span class='ocrx_word' id='word_1_169' title='bbox 1531 1752 1609 1780; x_wconf 82' lang='lat' dir='ltr'>nee</span> <span class='ocrx_word' id='word_1_170' title='bbox 1640 1738 1771 1779; x_wconf 90' lang='lat' dir='ltr'>homo</span> 
     </span>
     <span class='ocr_line' id='line_1_21' title="bbox 138 1815 1771 1870; baseline -0.001 -14"><span class='ocrx_word' id='word_1_171' title='bbox 138 1817 319 1859; x_wconf 82' lang='lat' dir='ltr'>videtur.</span> <span class='ocrx_word' id='word_1_172' title='bbox 359 1841 408 1845; x_wconf 89' lang='lat'>-—</span> <span class='ocrx_word' id='word_1_173' title='bbox 450 1817 533 1858; x_wconf 84' lang='lat' dir='ltr'>Sed</span> <span class='ocrx_word' id='word_1_174' title='bbox 570 1818 627 1858; x_wconf 81' lang='lat' dir='ltr'>sie</span> <span class='ocrx_word' id='word_1_175' title='bbox 661 1830 873 1870; x_wconf 75' lang='lat' dir='ltr'>exponas:</span> <span class='ocrx_word' id='word_1_176' title='bbox 922 1817 998 1857; x_wconf 91' lang='lat' dir='ltr'>Dei</span> <span class='ocrx_word' id='word_1_177' title='bbox 1032 1819 1073 1858; x_wconf 83' lang='lat' dir='ltr'>et</span> <span class='ocrx_word' id='word_1_178' title='bbox 1107 1816 1343 1865; x_wconf 81' lang='lat' dir='ltr'>hominum,</span> <span class='ocrx_word' id='word_1_179' title='bbox 1377 1816 1418 1856; x_wconf 86' lang='lat' dir='ltr'>id</span> <span class='ocrx_word' id='word_1_180' title='bbox 1453 1818 1516 1856; x_wconf 84' lang='lat' dir='ltr'>est</span> <span class='ocrx_word' id='word_1_181' title='bbox 1549 1815 1771 1856; x_wconf 77' lang='lat' dir='ltr'>Trinitatis</span> 
     </span>
     <span class='ocr_line' id='line_1_22' title="bbox 139 1892 1771 1945; baseline -0.002 -10"><span class='ocrx_word' id='word_1_182' title='bbox 139 1896 180 1935; x_wconf 86' lang='lat' dir='ltr'>et</span> <span class='ocrx_word' id='word_1_183' title='bbox 222 1893 422 1943; x_wconf 87' lang='lat' dir='ltr'>hominis,</span> <span class='ocrx_word' id='word_1_184' title='bbox 465 1894 507 1934; x_wconf 89' lang='lat' dir='ltr'>id</span> <span class='ocrx_word' id='word_1_185' title='bbox 550 1897 614 1935; x_wconf 86' lang='lat' dir='ltr'>est</span> <span class='ocrx_word' id='word_1_186' title='bbox 657 1894 833 1935; x_wconf 85' lang='lat' dir='ltr'>humani</span> <span class='ocrx_word' id='word_1_187' title='bbox 866 1893 1032 1945; x_wconf 84' lang='lat' dir='ltr'>generis</span> <span class='ocrx_word' id='word_1_188' title='bbox 1067 1893 1132 1934; x_wconf 87' lang='lat' dir='ltr'>vel</span> <span class='ocrx_word' id='word_1_189' title='bbox 1166 1892 1477 1945; x_wconf 83' lang='lat' dir='ltr'>paenitentium</span> <span class='ocrx_word' id='word_1_190' title='bbox 1512 1906 1585 1932; x_wconf 82' lang='lat' dir='ltr'>seu</span> <span class='ocrx_word' id='word_1_191' title='bbox 1620 1905 1771 1944; x_wconf 81' lang='lat' dir='ltr'>pecca-</span> 
     </span>
     <span class='ocr_line' id='line_1_23' title="bbox 137 1968 1769 2027; baseline -0.002 -17"><span class='ocrx_word' id='word_1_192' title='bbox 137 1972 300 2017; x_wconf 78' lang='lat' dir='ltr'>torum3</span> <span class='ocrx_word' id='word_1_193' title='bbox 348 1970 422 2010; x_wconf 87' lang='lat' dir='ltr'>sed</span> <span class='ocrx_word' id='word_1_194' title='bbox 464 1970 554 2022; x_wconf 87' lang='lat' dir='ltr'>ipse</span> <span class='ocrx_word' id='word_1_195' title='bbox 600 1983 675 2027; x_wconf 81' lang='lat' dir='ltr'>nee</span> <span class='ocrx_word' id='word_1_196' title='bbox 713 1969 842 2011; x_wconf 76' lang='lat' dir='ltr'>Pater</span> <span class='ocrx_word' id='word_1_197' title='bbox 887 1970 951 2011; x_wconf 87' lang='lat' dir='ltr'>vel</span> <span class='ocrx_word' id='word_1_198' title='bbox 997 1969 1199 2015; x_wconf 73' lang='lat' dir='ltr'>Trinitas,</span> <span class='ocrx_word' id='word_1_199' title='bbox 1251 1982 1329 2010; x_wconf 83' lang='lat' dir='ltr'>nec</span> <span class='ocrx_word' id='word_1_200' title='bbox 1375 1981 1509 2020; x_wconf 77' lang='lat' dir='ltr'>genus</span> <span class='ocrx_word' id='word_1_201' title='bbox 1548 1968 1769 2008; x_wconf 83' lang='lat' dir='ltr'>hominnm</span> 
     </span>
     <span class='ocr_line' id='line_1_24' title="bbox 138 2047 450 2099; baseline 0.006 -13"><span class='ocrx_word' id='word_1_202' title='bbox 138 2047 203 2087; x_wconf 85' lang='lat' dir='ltr'>vel</span> <span class='ocrx_word' id='word_1_203' title='bbox 236 2049 450 2099; x_wconf 72' lang='lat' dir='ltr'>peccator.</span> 
     </span>
    </p>

    <p class='ocr_par' dir='ltr' id='par_1_7' title="bbox 138 2120 1771 2250">
     <span class='ocr_line' id='line_1_25' title="bbox 281 2120 1771 2175; baseline -0.001 -12"><span class='ocrx_word' id='word_1_204' title='bbox 281 2123 319 2163; x_wconf 80' lang='lat'>3.</span> <span class='ocrx_word' id='word_1_205' title='bbox 366 2123 656 2164; x_wconf 84' lang='lat' dir='ltr'>Secundum</span> <span class='ocrx_word' id='word_1_206' title='bbox 699 2136 849 2175; x_wconf 87' lang='lat' dir='ltr'>quam</span> <span class='ocrx_word' id='word_1_207' title='bbox 891 2126 1127 2165; x_wconf 87' lang='lat' dir='ltr'>naturam</span> <span class='ocrx_word' id='word_1_208' title='bbox 1172 2122 1237 2163; x_wconf 88' lang='lat' dir='ltr'>sit</span> <span class='ocrx_word' id='word_1_209' title='bbox 1276 2122 1551 2171; x_wconf 79' lang='lat' dir='ltr'>mediator,</span> <span class='ocrx_word' id='word_1_210' title='bbox 1594 2120 1771 2161; x_wconf 87' lang='lat' dir='ltr'>viden-</span> 
     </span>
     <span class='ocr_line' id='line_1_26' title="bbox 138 2198 569 2250; baseline 0.005 -12"><span class='ocrx_word' id='word_1_211' title='bbox 138 2198 254 2239; x_wconf 85' lang='lat' dir='ltr'>dum</span> <span class='ocrx_word' id='word_1_212' title='bbox 287 2198 569 2250; x_wconf 78' lang='lat' dir='ltr'>sequitur‘2.</span> 
     </span>
    </p>

    <p class='ocr_par' dir='ltr' id='par_1_8' title="bbox 139 2273 1772 2479">
     <span class='ocr_line' id='line_1_27' title="bbox 280 2273 1772 2316; baseline -0.001 -1"><span class='ocrx_word' id='word_1_213' title='bbox 280 2274 526 2316; x_wconf 81' lang='lat' dir='ltr'>Secundum</span> <span class='ocrx_word' id='word_1_214' title='bbox 568 2275 802 2316; x_wconf 83' lang='lat' dir='ltr'>humanam</span> <span class='ocrx_word' id='word_1_215' title='bbox 844 2277 1044 2316; x_wconf 86' lang='lat' dir='ltr'>naturam</span> <span class='ocrx_word' id='word_1_216' title='bbox 1080 2277 1250 2315; x_wconf 79' lang='lat' dir='ltr'>tantum</span> <span class='ocrx_word' id='word_1_217' title='bbox 1287 2274 1454 2314; x_wconf 87' lang='lat' dir='ltr'>videtur</span> <span class='ocrx_word' id='word_1_218' title='bbox 1486 2273 1698 2314; x_wconf 76' lang='lat' dir='ltr'>mediator</span> <span class='ocrx_word' id='word_1_219' title='bbox 1732 2275 1772 2313; x_wconf 89' lang='lat' dir='ltr'>et</span> 
     </span>
     <span class='ocr_line' id='line_1_28' title="bbox 141 2349 1772 2402; baseline -0.001 -11"><span class='ocrx_word' id='word_1_220' title='bbox 141 2364 224 2392; x_wconf 86' lang='lat' dir='ltr'>non</span> <span class='ocrx_word' id='word_1_221' title='bbox 270 2351 505 2392; x_wconf 82' lang='lat' dir='ltr'>seeundum</span> <span class='ocrx_word' id='word_1_222' title='bbox 541 2351 729 2392; x_wconf 88' lang='lat' dir='ltr'>divinam</span> <span class='ocrx_word' id='word_1_223' title='bbox 763 2355 979 2393; x_wconf 87' lang='lat' dir='ltr'>naturam.</span> <span class='ocrx_word' id='word_1_224' title='bbox 1044 2351 1291 2392; x_wconf 80' lang='lat' dir='ltr'>Secundum</span> <span class='ocrx_word' id='word_1_225' title='bbox 1331 2350 1568 2392; x_wconf 85' lang='lat' dir='ltr'>humanam</span> <span class='ocrx_word' id='word_1_226' title='bbox 1602 2349 1772 2402; x_wconf 85' lang='lat' dir='ltr'>utrique</span> 
     </span>
     <span class='ocr_line' id='line_1_29' title="bbox 139 2427 1771 2479; baseline -0.002 -10"><span class='ocrx_word' id='word_1_227' title='bbox 139 2429 338 2469; x_wconf 81' lang='lat' dir='ltr'>convenit</span> <span class='ocrx_word' id='word_1_228' title='bbox 366 2428 644 2476; x_wconf 82' lang='lat' dir='ltr'>extremitati;</span> <span class='ocrx_word' id='word_1_229' title='bbox 686 2428 800 2470; x_wconf 88' lang='lat' dir='ltr'>unde</span> <span class='ocrx_word' id='word_1_230' title='bbox 826 2428 1062 2470; x_wconf 84' lang='lat' dir='ltr'>seeundum</span> <span class='ocrx_word' id='word_1_231' title='bbox 1091 2441 1186 2469; x_wconf 89' lang='lat' dir='ltr'>eam</span> <span class='ocrx_word' id='word_1_232' title='bbox 1215 2427 1431 2468; x_wconf 89' lang='lat' dir='ltr'>mediator</span> <span class='ocrx_word' id='word_1_233' title='bbox 1458 2440 1550 2467; x_wconf 89' lang='lat' dir='ltr'>esse</span> <span class='ocrx_word' id='word_1_234' title='bbox 1577 2428 1771 2479; x_wconf 79' lang='lat' dir='ltr'>apparet.</span> 
     </span>
    </p>
   </div>
   <div class='ocr_carea' id='block_1_3' title="bbox 151 2527 670 2531">
    <p class='ocr_par' dir='ltr' id='par_1_9' title="bbox 151 2527 670 2531">
     <span class='ocr_line' id='line_1_30' title="bbox 151 2527 670 2531; baseline 0 0"><span class='ocrx_word' id='word_1_235' title='bbox 151 2527 670 2531; x_wconf 95' lang='lat' dir='ltr'> </span> 
     </span>
    </p>
   </div>
   <div class='ocr_carea' id='block_1_4' title="bbox 139 2580 1773 2985">
    <p class='ocr_par' dir='ltr' id='par_1_10' title="bbox 139 2580 1773 2985">
     <span class='ocr_line' id='line_1_31' title="bbox 286 2580 1773 2628; baseline -0.003 -11"><span class='ocrx_word' id='word_1_236' title='bbox 286 2585 299 2617; x_wconf 95' lang='grc'>1</span> <span class='ocrx_word' id='word_1_237' title='bbox 324 2590 405 2628; x_wconf 66' lang='lat' dir='ltr'>post</span> <span class='ocrx_word' id='word_1_238' title='bbox 430 2583 567 2617; x_wconf 85' lang='lat' dir='ltr'>revolvi</span> <span class='ocrx_word' id='word_1_239' title='bbox 595 2585 676 2617; x_wconf 75' lang='lat' dir='ltr'>add.</span> <span class='ocrx_word' id='word_1_240' title='bbox 707 2584 737 2616; x_wconf 99' lang='grc' dir='ltr'><em>Β</em></span> <span class='ocrx_word' id='word_1_241' title='bbox 765 2585 888 2616; x_wconf 75' lang='lat' dir='ltr'>totam.</span> <span class='ocrx_word' id='word_1_242' title='bbox 993 2583 1013 2616; x_wconf 87' lang='lat'>3</span> <span class='ocrx_word' id='word_1_243' title='bbox 1039 2588 1117 2625; x_wconf 71' lang='lat' dir='ltr'>post</span> <span class='ocrx_word' id='word_1_244' title='bbox 1144 2593 1223 2615; x_wconf 89' lang='lat' dir='ltr'>eum</span> <span class='ocrx_word' id='word_1_245' title='bbox 1250 2583 1333 2614; x_wconf 76' lang='lat' dir='ltr'>add.</span> <span class='ocrx_word' id='word_1_246' title='bbox 1363 2581 1394 2613; x_wconf 89' lang='grc' dir='ltr'><em>Β</em></span> <span class='ocrx_word' id='word_1_247' title='bbox 1420 2580 1542 2614; x_wconf 86' lang='lat' dir='ltr'>filium.</span> <span class='ocrx_word' id='word_1_248' title='bbox 1646 2581 1664 2613; x_wconf 85' lang='grc'>4</span> <span class='ocrx_word' id='word_1_249' title='bbox 1692 2585 1773 2623; x_wconf 72' lang='lat' dir='ltr'>post</span> 
     </span>
     <span class='ocr_line' id='line_1_32' title="bbox 139 2639 1771 2687; baseline -0.003 -10"><span class='ocrx_word' id='word_1_250' title='bbox 139 2644 196 2677; x_wconf 90' lang='lat' dir='ltr'>vel</span> <span class='ocrx_word' id='word_1_251' title='bbox 223 2645 305 2677; x_wconf 75' lang='lat' dir='ltr'>add.</span> <span class='ocrx_word' id='word_1_252' title='bbox 328 2646 359 2677; x_wconf 84' lang='lat' dir='ltr'><em>B</em></span> <span class='ocrx_word' id='word_1_253' title='bbox 385 2643 455 2687; x_wconf 89' lang='lat' dir='ltr'>qui.</span> <span class='ocrx_word' id='word_1_254' title='bbox 531 2644 550 2677; x_wconf 82' lang='lat'>5</span> <span class='ocrx_word' id='word_1_255' title='bbox 578 2643 642 2677; x_wconf 87' lang='lat' dir='ltr'>hoc</span> <span class='ocrx_word' id='word_1_256' title='bbox 670 2655 734 2677; x_wconf 82' lang='lat' dir='ltr'>om.</span> <span class='ocrx_word' id='word_1_257' title='bbox 758 2645 799 2677; x_wconf 77' lang='lat' dir='ltr'>A.</span> <span class='ocrx_word' id='word_1_258' title='bbox 875 2643 895 2676; x_wconf 83' lang='lat'>8</span> <span class='ocrx_word' id='word_1_259' title='bbox 922 2642 1060 2676; x_wconf 74' lang='lat' dir='ltr'>scilicet</span> <span class='ocrx_word' id='word_1_260' title='bbox 1085 2654 1149 2677; x_wconf 80' lang='lat' dir='ltr'>om.</span> <span class='ocrx_word' id='word_1_261' title='bbox 1180 2644 1221 2676; x_wconf 86' lang='grc' dir='ltr'>Α.</span> <span class='ocrx_word' id='word_1_262' title='bbox 1300 2640 1341 2674; x_wconf 85' lang='grc'>10</span> <span class='ocrx_word' id='word_1_263' title='bbox 1368 2640 1520 2674; x_wconf 76' lang='lat' dir='ltr'>habetur</span> <span class='ocrx_word' id='word_1_264' title='bbox 1547 2643 1588 2674; x_wconf 80' lang='lat' dir='ltr'>A.</span> <span class='ocrx_word' id='word_1_265' title='bbox 1669 2640 1706 2673; x_wconf 89' lang='grc'>11</span> <span class='ocrx_word' id='word_1_266' title='bbox 1737 2639 1771 2672; x_wconf 89' lang='lat' dir='ltr'>id</span> 
     </span>
     <span class='ocr_line' id='line_1_33' title="bbox 141 2699 1771 2747; baseline -0.003 -11"><span class='ocrx_word' id='word_1_267' title='bbox 141 2703 208 2747; x_wconf 77' lang='lat' dir='ltr'>est]</span> <span class='ocrx_word' id='word_1_268' title='bbox 235 2702 374 2737; x_wconf 81' lang='lat' dir='ltr'>scilicet</span> <span class='ocrx_word' id='word_1_269' title='bbox 399 2705 440 2737; x_wconf 84' lang='grc' dir='ltr'>Β.</span> <span class='ocrx_word' id='word_1_270' title='bbox 520 2703 559 2736; x_wconf 82' lang='grc'>12</span> <span class='ocrx_word' id='word_1_271' title='bbox 587 2702 793 2744; x_wconf 82' lang='lat' dir='ltr'>secundum]</span> <span class='ocrx_word' id='word_1_272' title='bbox 821 2702 882 2736; x_wconf 78' lang='lat' dir='ltr'>sed</span> <span class='ocrx_word' id='word_1_273' title='bbox 912 2704 953 2738; x_wconf 89' lang='grc' dir='ltr'>Β,</span> <span class='ocrx_word' id='word_1_274' title='bbox 1001 2724 1006 2727; x_wconf 77' lang='lat'><em>,</em></span> <span class='ocrx_word' id='word_1_275' title='bbox 1033 2701 1072 2735; x_wconf 86' lang='lat'>13</span> <span class='ocrx_word' id='word_1_276' title='bbox 1101 2700 1192 2745; x_wconf 87' lang='lat' dir='ltr'>quod</span> <span class='ocrx_word' id='word_1_277' title='bbox 1220 2713 1285 2735; x_wconf 74' lang='lat' dir='ltr'>om.</span> <span class='ocrx_word' id='word_1_278' title='bbox 1313 2701 1355 2733; x_wconf 89' lang='grc' dir='ltr'>Β.</span> <span class='ocrx_word' id='word_1_279' title='bbox 1439 2699 1513 2733; x_wconf 74' lang='lat' dir='ltr'>sola</span> <span class='ocrx_word' id='word_1_280' title='bbox 1538 2711 1607 2732; x_wconf 90' lang='lat' dir='ltr'>non</span> <span class='ocrx_word' id='word_1_281' title='bbox 1634 2701 1771 2741; x_wconf 72' lang='lat' dir='ltr'>(postea</span> 
     </span>
     <span class='ocr_line' id='line_1_34' title="bbox 141 2758 1770 2805; baseline -0.002 -10"><span class='ocrx_word' id='word_1_282' title='bbox 141 2763 382 2805; x_wconf 69' lang='lat' dir='ltr'>adscriptum)</span> <span class='ocrx_word' id='word_1_283' title='bbox 408 2764 534 2796; x_wconf 79' lang='lat' dir='ltr'>natura</span> <span class='ocrx_word' id='word_1_284' title='bbox 556 2764 595 2795; x_wconf 88' lang='grc' dir='ltr'>Β.</span> <span class='ocrx_word' id='word_1_285' title='bbox 651 2762 787 2796; x_wconf 85' lang='grc'>16-17</span> <span class='ocrx_word' id='word_1_286' title='bbox 815 2764 846 2795; x_wconf 70' lang='lat' dir='ltr'>ei</span> <span class='ocrx_word' id='word_1_287' title='bbox 866 2789 872 2796; x_wconf 92' lang='lat'>.</span> <span class='ocrx_word' id='word_1_288' title='bbox 890 2788 897 2795; x_wconf 88' lang='lat'><strong>.</strong></span> <span class='ocrx_word' id='word_1_289' title='bbox 915 2761 1001 2797; x_wconf 77' lang='lat' dir='ltr'>‚Dei</span> <span class='ocrx_word' id='word_1_290' title='bbox 1028 2763 1064 2795; x_wconf 75' lang='lat' dir='ltr'>et</span> <span class='ocrx_word' id='word_1_291' title='bbox 1083 2760 1262 2794; x_wconf 88' lang='lat' dir='ltr'>hominum</span> <span class='ocrx_word' id='word_1_292' title='bbox 1291 2772 1355 2793; x_wconf 78' lang='lat' dir='ltr'>om.</span> <span class='ocrx_word' id='word_1_293' title='bbox 1378 2761 1419 2793; x_wconf 87' lang='lat' dir='ltr'>B.</span> <span class='ocrx_word' id='word_1_294' title='bbox 1480 2758 1522 2792; x_wconf 82' lang='lat'>18</span> <span class='ocrx_word' id='word_1_295' title='bbox 1545 2764 1625 2801; x_wconf 66' lang='lat' dir='ltr'>post</span> <span class='ocrx_word' id='word_1_296' title='bbox 1651 2770 1770 2791; x_wconf 81' lang='lat' dir='ltr'>eorum</span> 
     </span>
     <span class='ocr_line' id='line_1_35' title="bbox 139 2817 1770 2863; baseline -0.003 -8"><span class='ocrx_word' id='word_1_297' title='bbox 139 2824 223 2856; x_wconf 74' lang='lat' dir='ltr'>add.</span> <span class='ocrx_word' id='word_1_298' title='bbox 247 2824 291 2855; x_wconf 88' lang='lat' dir='ltr'><em>W</em></span> <span class='ocrx_word' id='word_1_299' title='bbox 314 2822 414 2855; x_wconf 84' lang='lat' dir='ltr'>cuius</span> <span class='ocrx_word' id='word_1_300' title='bbox 440 2821 592 2855; x_wconf 86' lang='lat' dir='ltr'>medium</span> <span class='ocrx_word' id='word_1_301' title='bbox 621 2823 686 2855; x_wconf 77' lang='lat' dir='ltr'>est.</span> <span class='ocrx_word' id='word_1_302' title='bbox 824 2821 863 2855; x_wconf 90' lang='grc'>19</span> <span class='ocrx_word' id='word_1_303' title='bbox 890 2820 1047 2854; x_wconf 81' lang='lat' dir='ltr'>mediant</span> <span class='ocrx_word' id='word_1_304' title='bbox 1070 2822 1113 2853; x_wconf 82' lang='lat' dir='ltr'><em>W</em></span> <span class='ocrx_word' id='word_1_305' title='bbox 1132 2825 1214 2863; x_wconf 69' lang='lat' dir='ltr'>post</span> <span class='ocrx_word' id='word_1_306' title='bbox 1239 2818 1374 2852; x_wconf 78' lang='lat' dir='ltr'>mediat</span> <span class='ocrx_word' id='word_1_307' title='bbox 1400 2820 1482 2851; x_wconf 74' lang='lat' dir='ltr'>add.</span> <span class='ocrx_word' id='word_1_308' title='bbox 1512 2820 1542 2851; x_wconf 75' lang='lat' dir='ltr'><em>A</em></span> <span class='ocrx_word' id='word_1_309' title='bbox 1562 2819 1594 2851; x_wconf 87' lang='lat' dir='ltr'><em>B</em></span> <span class='ocrx_word' id='word_1_310' title='bbox 1620 2817 1770 2861; x_wconf 69' lang='lat' dir='ltr'>aliquid}</span> 
     </span>
     <span class='ocr_line' id='line_1_36' title="bbox 141 2876 1772 2924; baseline -0.002 -10"><span class='ocrx_word' id='word_1_311' title='bbox 141 2883 208 2916; x_wconf 76' lang='lat' dir='ltr'>del.</span> <span class='ocrx_word' id='word_1_312' title='bbox 244 2882 453 2914; x_wconf 68' lang='lat' dir='ltr'>Baeumlcer.</span> <span class='ocrx_word' id='word_1_313' title='bbox 574 2881 618 2915; x_wconf 81' lang='lat'>:20</span> <span class='ocrx_word' id='word_1_314' title='bbox 640 2886 722 2924; x_wconf 72' lang='lat' dir='ltr'>post</span> <span class='ocrx_word' id='word_1_315' title='bbox 757 2882 814 2914; x_wconf 77' lang='lat' dir='ltr'>est</span> <span class='ocrx_word' id='word_1_316' title='bbox 848 2882 931 2914; x_wconf 77' lang='lat' dir='ltr'>add.</span> <span class='ocrx_word' id='word_1_317' title='bbox 960 2882 991 2913; x_wconf 90' lang='lat' dir='ltr'><em>B</em></span> <span class='ocrx_word' id='word_1_318' title='bbox 1025 2878 1146 2912; x_wconf 81' lang='lat' dir='ltr'>Patris</span> <span class='ocrx_word' id='word_1_319' title='bbox 1177 2890 1241 2912; x_wconf 87' lang='lat' dir='ltr'>seu</span> <span class='ocrx_word' id='word_1_320' title='bbox 1268 2880 1313 2911; x_wconf 78' lang='lat' dir='ltr'>et.</span> <span class='ocrx_word' id='word_1_321' title='bbox 1442 2877 1484 2910; x_wconf 82' lang='lat'>21</span> <span class='ocrx_word' id='word_1_322' title='bbox 1512 2876 1772 2920; x_wconf 77' lang='lat' dir='ltr'>paenitentiam</span> 
     </span>
     <span class='ocr_line' id='line_1_37' title="bbox 141 2935 1771 2985; baseline -0.004 -10"><span class='ocrx_word' id='word_1_323' title='bbox 141 2943 281 2984; x_wconf 56' lang='lat' dir='ltr'>scripsi.</span> <span class='ocrx_word' id='word_1_324' title='bbox 308 2942 339 2974; x_wconf 77' lang='lat' dir='ltr'><em>A</em></span> <span class='ocrx_word' id='word_1_325' title='bbox 358 2942 388 2974; x_wconf 89' lang='grc' dir='ltr'><em>Β</em></span> <span class='ocrx_word' id='word_1_326' title='bbox 413 2940 681 2985; x_wconf 80' lang='lat' dir='ltr'>paenitentiam.</span> <span class='ocrx_word' id='word_1_327' title='bbox 779 2939 823 2973; x_wconf 82' lang='lat'>22</span> <span class='ocrx_word' id='word_1_328' title='bbox 851 2939 920 2981; x_wconf 86' lang='lat' dir='ltr'>vel]</span> <span class='ocrx_word' id='word_1_329' title='bbox 942 2950 1007 2973; x_wconf 87' lang='lat' dir='ltr'>nec</span> <span class='ocrx_word' id='word_1_330' title='bbox 1028 2941 1071 2972; x_wconf 80' lang='grc' dir='ltr'>Α.</span> <span class='ocrx_word' id='word_1_331' title='bbox 1169 2936 1247 2981; x_wconf 83' lang='grc'>1100]</span> <span class='ocrx_word' id='word_1_332' title='bbox 1271 2936 1327 2970; x_wconf 88' lang='lat' dir='ltr'>vel</span> <span class='ocrx_word' id='word_1_333' title='bbox 1347 2939 1390 2972; x_wconf 73' lang='lat' dir='ltr'>A.</span> <span class='ocrx_word' id='word_1_334' title='bbox 1489 2936 1532 2970; x_wconf 85' lang='lat'>27</span> <span class='ocrx_word' id='word_1_335' title='bbox 1553 2935 1708 2970; x_wconf 85' lang='lat' dir='ltr'>humana</span> <span class='ocrx_word' id='word_1_336' title='bbox 1729 2938 1771 2969; x_wconf 87' lang='lat' dir='ltr'>B·</span> 
     </span>
    </p>
   </div>
   <div class='ocr_carea' id='block_1_5' title="bbox 285 3078 1179 3181">
    <p class='ocr_par' dir='ltr' id='par_1_11' title="bbox 285 3078 1179 3181">
     <span class='ocr_line' id='line_1_38' title="bbox 287 3078 1077 3114; baseline -0.004 -1"><span class='ocrx_word' id='word_1_337' title='bbox 287 3079 293 3096; x_wconf 93' lang='lat'>¹</span> <span class='ocrx_word' id='word_1_338' title='bbox 322 3080 367 3114; x_wconf 78' lang='lat' dir='ltr'>of.</span> <span class='ocrx_word' id='word_1_339' title='bbox 395 3079 507 3113; x_wconf 74' lang='lat' dir='ltr'>Petr.</span> <span class='ocrx_word' id='word_1_340' title='bbox 536 3078 674 3113; x_wconf 86' lang='lat' dir='ltr'>Lomb.</span> <span class='ocrx_word' id='word_1_341' title='bbox 701 3080 794 3112; x_wconf 78' lang='lat' dir='ltr'>Sent.</span> <span class='ocrx_word' id='word_1_342' title='bbox 822 3078 843 3112; x_wconf 94' lang='grc'>1.</span> <span class='ocrx_word' id='word_1_343' title='bbox 874 3078 933 3113; x_wconf 89' lang='grc'>111.</span> <span class='ocrx_word' id='word_1_344' title='bbox 962 3078 992 3113; x_wconf 67' lang='lat' dir='ltr'>d</span> <span class='ocrx_word' id='word_1_345' title='bbox 1025 3078 1077 3111; x_wconf 86' lang='lat'>19.</span> 
     </span>
     <span class='ocr_line' id='line_1_39' title="bbox 285 3144 1179 3181; baseline -0.003 -2"><span class='ocrx_word' id='word_1_346' title='bbox 285 3145 297 3163; x_wconf 75' lang='lat'>&#39;²</span> <span class='ocrx_word' id='word_1_347' title='bbox 322 3145 436 3180; x_wconf 79' lang='lat' dir='ltr'>Petr.</span> <span class='ocrx_word' id='word_1_348' title='bbox 464 3145 603 3181; x_wconf 88' lang='lat' dir='ltr'>Lomb.</span> <span class='ocrx_word' id='word_1_349' title='bbox 631 3146 725 3179; x_wconf 74' lang='lat' dir='ltr'>sent.</span> <span class='ocrx_word' id='word_1_350' title='bbox 745 3144 766 3178; x_wconf 88' lang='lat'>1.</span> <span class='ocrx_word' id='word_1_351' title='bbox 794 3144 855 3179; x_wconf 86' lang='lat'><em>111.</em></span> <span class='ocrx_word' id='word_1_352' title='bbox 884 3144 914 3180; x_wconf 91' lang='lat' dir='ltr'>d.</span> <span class='ocrx_word' id='word_1_353' title='bbox 945 3144 998 3178; x_wconf 89' lang='grc'>19.</span> <span class='ocrx_word' id='word_1_354' title='bbox 1025 3155 1053 3179; x_wconf 79' lang='grc'>0.</span> <span class='ocrx_word' id='word_1_355' title='bbox 1082 3144 1113 3178; x_wconf 83' lang='grc'>7.</span> <span class='ocrx_word' id='word_1_356' title='bbox 1176 3174 1179 3176; x_wconf 90' lang='grc'>,</span> 
     </span>
    </p>
   </div>
   <div class='ocr_carea' id='block_1_6' title="bbox 1793 1060 1824 1084">
    <p class='ocr_par' dir='ltr' id='par_1_12' title="bbox 1793 1060 1824 1084">
     <span class='ocr_line' id='line_1_40' title="bbox 1793 1060 1824 1084; baseline 0 0"><span class='ocrx_word' id='word_1_357' title='bbox 1793 1060 1824 1084; x_wconf 82' lang='lat'>10</span> 
     </span>
    </p>
   </div>
   <div class='ocr_carea' id='block_1_7' title="bbox 1794 1445 1825 1469">
    <p class='ocr_par' dir='ltr' id='par_1_13' title="bbox 1794 1445 1825 1469">
     <span class='ocr_line' id='line_1_41' title="bbox 1794 1445 1825 1469; baseline 0 0"><span class='ocrx_word' id='word_1_358' title='bbox 1794 1445 1825 1469; x_wconf 84' lang='lat'>15</span> 
     </span>
    </p>
   </div>
   <div class='ocr_carea' id='block_1_8' title="bbox 1791 1823 1825 1848">
    <p class='ocr_par' dir='ltr' id='par_1_14' title="bbox 1791 1823 1825 1848">
     <span class='ocr_line' id='line_1_42' title="bbox 1791 1823 1825 1848; baseline 0 0"><span class='ocrx_word' id='word_1_359' title='bbox 1791 1823 1825 1848; x_wconf 80' lang='lat'>20</span> 
     </span>
    </p>
   </div>
  </div>
 </body>
</html>
