2106 3453
614 264 804 298 Tractatus
834 263 873 297 V.
926 263 975 296 De
1002 261 1248 296 sacramentis.
1660 259 1754 294 123*

120 368 309 409 efficiunt
336 369 375 408 id
404 367 520 420 quod
545 368 732 418 figurant
750 368 780 407 1:
817 366 954 407 Idem
982 379 1111 417 super
1138 365 1279 405 locum
1308 365 1443 405 illuni:
1484 363 1631 404 onmes
1658 364 1753 417 lmp-

120 445 237 484 te'zatz'
269 447 364 483 sunt
397 443 470 483 sub
503 444 642 497 Moyse
675 443 721 497 (I
746 444 835 483 Cor.
867 444 934 492 10,
959 442 1023 494 2):
1059 442 1342 482 Sacramenta
1376 443 1474 481 sunt
1509 440 1756 481 communia

121 520 243 561 bonis
270 522 312 560 et
338 519 479 567 malis;
514 520 649 559 virtus
676 532 777 560 vero
805 520 1189 567 sacramentorum,
1224 517 1265 557 id
1293 519 1356 557 est
1386 519 1661 569 peccatorum
1691 529 1757 556 re-

122 596 279 644 missio,
296 595 395 635 solis
412 594 547 635 bonis.
582 595 726 635 Item:
750 594 870 635 Sicut
891 593 1014 634 bonis
1037 593 1181 634 omnia
1204 595 1496 644 cooperantur
1517 592 1556 631 in
1580 592 1756 639 bonum,

120 671 179 711 ita
222 671 344 711 malis
385 670 529 711 onmia
573 672 860 722 cooperantur
902 670 942 709 in
986 669 1148 710 malum
1196 668 1265 721 (cf.
1300 668 1417 709 Hom.
1451 666 1608 720 8,2&);
1657 679 1793 718 ergon

121 750 165 787 et
188 747 441 799 baptismus.
495 747 571 787 His
605 746 935 787 auctoritatibus
962 745 1184 798 probatur,
1220 745 1336 797 quod
1363 744 1463 785 solis
1491 744 1634 785 electis
1661 757 1759 795 pec—

122 826 219 864 cata
253 823 528 863 dimittuntur
560 823 600 862 in
636 822 866 874 baptismo.
931 822 973 862 Si
1019 822 1203 862 dicatur:
1251 821 1460 862 Generale
1502 820 1757 861 beneficium

123 902 186 940 est
221 899 480 950 baptismns;
528 899 728 938 omnibus
762 898 890 938 debet
925 898 1079 947 valere,
1121 897 1469 938 subaudiendum
1505 897 1588 938 est:
1636 909 1760 948 prae-

123 974 360 1016 destinatis.
414 974 680 1015 Generaliter
713 974 913 1014 omnibus
947 973 1279 1025 praedestinatis
1312 974 1457 1014 omnia
1485 973 1761 1013 dimittuntur

121 1053 312 1104 peccata.
377 1051 421 1091 Si
456 1064 554 1091 vero
588 1053 787 1091 teneatur
819 1050 1031 1091 sententia
1066 1050 1147 1099 illa,
1195 1050 1311 1101 quod
1345 1050 1558 1096 omnibus,
1602 1049 1761 1090 scilicet

123 1127 341 1168 salvandis
369 1129 410 1167 et
437 1126 712 1176 damnandis,
747 1128 924 1178 peccata
953 1125 1227 1166 dimittantur
1254 1126 1293 1165 in
1322 1126 1554 1177 baptismo,
1590 1128 1761 1178 oportet

123 1203 400 1244 determinari
440 1202 719 1244 auctoritates
762 1202 868 1243 illas.
945 1202 1228 1243 Sacramenta
1268 1204 1368 1242 sunt
1410 1202 1449 1241 id
1496 1202 1612 1254 quod
1662 1204 1759 1242 sunt

123 1282 218 1329 etc.,
252 1279 311 1320 ita
344 1279 472 1319 debet
506 1278 701 1329 intelligi:
738 1278 940 1328 efficiunt,
975 1279 1091 1330 quod
1125 1279 1325 1329 figurant,
1366 1278 1406 1318 id
1442 1281 1518 1328 est,
1553 1278 1659 1318 sicut
1694 1277 1761 1318 hic

123 1356 164 1396 in
198 1355 414 1407 praesenti
455 1354 753 1406 coniungimur
795 1354 997 1396 ecclesiae
1040 1357 1081 1394 et
1116 1354 1324 1395 efficimur
1357 1354 1598 1394 membrum
1634 1354 1761 1394 huius

124 1431 327 1483 corporis,
371 1431 486 1483 quod
522 1434 583 1471 est
619 1431 809 1472 ecclesia.
854 1431 912 1471 ita
947 1431 988 1470 in
1023 1431 1164 1471 futuro
1199 1430 1370 1472 Christo
1404 1430 1680 1479 sociabimur,
1715 1432 1761 1470 ut

126 1508 259 1548 simus
304 1507 417 1547 idem
465 1520 559 1547 cum
602 1507 709 1559 ipso,
754 1510 853 1547 tunc
891 1507 1049 1548 scilicet
1087 1519 1184 1547 cum
1222 1507 1420 1547 tradetur
1461 1519 1637 1557 regnum
1674 1507 1761 1547 Deo

127 1582 259 1633 Patri,
312 1583 486 1635 quando
539 1583 650 1623 Deus
701 1582 897 1636 absteryet
948 1596 1100 1622 omnem
1152 1583 1366 1622 laci-imm
1415 1583 1559 1636 (Aper.
1601 1584 1671 1634 21,
1704 1581 1761 1635 4),

124 1659 302 1712 quando
330 1659 495 1700 dicetur
523 1658 662 1699 malis:
704 1659 894 1699 Tollatm'
928 1659 1091 1711 impius,
1126 1672 1174 1698 ne
1210 1658 1340 1698 videat
1362 1659 1539 1713 {storiam
1566 1658 1658 1699 Dei.
1712 1658 1763 1698 Et

125 1736 360 1776 secundum
395 1735 475 1775 hoc
508 1748 594 1775 non
628 1738 887 1785 removetur,
923 1735 1023 1787 quin
1059 1735 1259 1775 omnibus
1286 1737 1463 1786 peccata
1490 1734 1764 1776 dimittantur

125 1812 167 1852 in
200 1812 431 1864 baptismo.
496 1811 619 1851 Item
653 1811 723 1852 illa
756 1811 857 1852 alia:
902 1811 1185 1852 Sacramenta
1218 1812 1597 1852 suntcommunia
1638 1811 1761 1852 bonis

127 1891 168 1929 et
214 1888 351 1937 malis,
397 1887 531 1928 virtus
578 1900 677 1928 vero
724 1887 983 1928 sacramenti
1029 1887 1302 1928 solummodo
1348 1887 1485 1937 bonis,
1531 1888 1589 1928 ita
1635 1888 1763 1929 debet

126 1964 319 2015 intelligi:
350 1963 490 2004 Virtus
512 1963 638 2004 huius
659 1964 932 2013 sacramenti,
949 1963 1109 2004 scilicet
1130 1964 1346 2016 baptismi,
1364 1967 1408 2004 ut
1432 1976 1562 2016 supra
1585 1964 1760 2013 dictum,

126 2043 189 2081 est
247 2039 436 2081 efficacia
494 2039 582 2089 illa,
641 2052 772 2091 quam
821 2039 953 2080 habet
1005 2042 1102 2091 post
1162 2040 1426 2091 baptismum
1478 2040 1760 2092 paenitentia,

126 2117 285 2157 scilicet
317 2116 351 2156 si
385 2116 606 2167 contingat
638 2115 827 2168 aliquem
859 2128 1038 2168 peccare
1070 2119 1169 2168 post
1210 2116 1489 2168 baptismum,
1532 2116 1762 2157 dimittitur

1783 1061 1813 1083 lt)

1785 1446 1815 1470 15

1784 1825 1816 1850 20

126 2194 350 2244 peccatum
394 2192 509 2241 illud,
556 2191 588 2231 si
634 2191 900 2244 paenitentia
942 2192 1170 2232 comitetur
1211 2194 1253 2232 et
1291 2191 1371 2232 hoc
1410 2205 1487 2244 per
1520 2192 1755 2233 efficaciam
1779 2211 1811 2235 ετ)

127 2281 256 2320 quam
293 2268 458 2320 accepit
490 2268 531 2307 in
566 2268 794 2320 baptismo.
850 2268 962 2308 Ante
989 2268 1253 2319 baptismum
1282 2267 1385 2308 nulli
1412 2271 1590 2320 peccata
1618 2269 1761 2309 dimit-

127 2347 276 2385 tuntur
307 2357 384 2397 per
409 2344 734 2396 paenitentiam,
769 2357 918 2385 omnes
946 2344 1215 2385 descendunt
1240 2344 1296 2385 ad
1325 2344 1551 2385 infernum.
1604 2344 1655 2385 Et
1686 2358 1763 2397 per

126 2422 208 2462 hoc
240 2434 329 2462 non
361 2423 607 2463 removetur
639 2421 846 2470 similiter,
891 2421 993 2473 quin
1033 2421 1232 2461 omnibus
1265 2421 1539 2462 dimittantur
1571 2424 1761 2474 peccata.

270 2525 289 2557 5
316 2526 550 2568 cooperantur
576 2536 640 2557 om.
670 2525 710 2557 Β.
815 2524 835 2557 9
862 2523 1079 2566 generaliter
1106 2535 1197 2557 omn.
1225 2523 1343 2568 praed.
1372 2536 1437 2557 om.
1466 2525 1507 2558 Β.
1619 2525 1659 2558 12
1681 2530 1763 2568 post

128 2586 211 2618 sunt
237 2586 320 2618 add.
348 2586 379 2618 B
406 2586 441 2617 et
467 2584 502 2617 in
529 2583 614 2617 solis
641 2582 777 2617 electis.
890 2583 930 2617 13
958 2583 1159 2626 figurantur
1186 2586 1228 2617 A.
1342 2584 1383 2617 16
1412 2586 1494 2617 tunc
1522 2583 1599 2617 scil.
1627 2596 1690 2618 om.
1719 2585 1761 2617 Β.

127 2644 309 2678 trademur
336 2645 377 2677 Β.
518 2642 580 2676 Dei
605 2645 645 2677 Α.
792 2642 836 2676 20
863 2642 948 2676 item
976 2643 1046 2676 alia
1067 2645 1097 2676 Α
1125 2642 1186 2676 illa
1213 2643 1281 2676 a'ia
1309 2643 1351 2678 Β.
1498 2643 1542 2676 22
1569 2646 1608 2677 ut
1633 2656 1696 2677 om.
1720 2646 1761 2677 A.

129 2703 173 2737 24
199 2703 337 2736 scilicet
362 2715 425 2736 om.
456 2704 495 2737 B.
594 2702 637 2735 27
666 2701 927 2735 descenderunt
952 2701 995 2735 ab
1015 2693 1047 2735 *ij
1060 2704 1103 2735 Β.

273 2784 283 2801 ¹
310 2784 377 2817 Hic
415 2783 514 2817 locus
551 2783 728 2826 allegatur
766 2781 873 2815 etiam
911 2794 930 2815 a
966 2782 1094 2816 Petro
1122 2782 1359 2816 Lombardo
1395 2784 1487 2816 Sem.
1521 2782 1542 2816 l.
1570 2783 1630 2818 IV.
1671 2783 1702 2818 d.
1729 2784 1761 2817 4.

129 2855 156 2877 c.
183 2844 211 2877 1.
250 2843 416 2876 Editores
435 2854 578 2887 operum
601 2842 650 2877 St.
673 2841 1014 2875 Bonaventurae
1041 2841 1108 2882 (ed.
1131 2840 1343 2882 Quaracchi)
1364 2841 1457 2876 hunc
1477 2842 1592 2876 locum
1614 2843 1649 2878 in
1669 2843 1762 2877 Scto.

130 2902 377 2945 Augustino
405 2914 471 2936 non
500 2901 651 2935 inveniri
679 2901 812 2942 dicunt,
840 2900 902 2934 sed
929 2901 1180 2934 conferendum
1208 2903 1351 2945 putant:
1393 2903 1444 2935 De
1468 2908 1598 2945 peccat.
1626 2906 1764 2936 meritis

131 2968 160 2995 et
180 2965 315 2995 remiss.
344 2961 365 2997 1,
388 2962 429 2995 II.
458 2973 486 2995 c.
509 2962 564 2996 27.
592 2973 624 2995 n.
646 2961 702 2994 44.
746 2960 785 2993 In
812 2959 1001 2993 sententiis
1028 2960 1135 3003 Mag.
1157 2959 1406 3004 Gandulphi
1435 2961 1542 2994 etiam
1564 2961 1761 2996 invenitur:

131 3021 227 3054 Idem
257 3020 343 3063 (scil.
365 3022 469 3064 Aug.)
498 3020 538 3054 in
565 3020 679 3053 libro
706 3019 756 3052 de
782 3019 1005 3063 baptismo
1032 3019 1327 3063 parvulorum:
1357 3020 1589 3054 Sacramenta
1615 3021 1649 3055 in
1676 3021 1763 3056 solis

132 3080 255 3114 electis
288 3080 459 3121 efficiunt,
493 3079 586 3124 quod
619 3079 786 3121 figurant.
837 3078 921 3113 Cod.
951 3077 1226 3122 Bambergensis
1254 3079 1292 3113 B.
1320 3079 1380 3114 IV.
1408 3079 1452 3113 29
1481 3095 1521 3107 z
1550 3080 1645 3115 Patr.
1674 3081 1761 3115 Msc.

134 3139 238 3182 130s2
265 3139 289 3173 f.
319 3140 383 3173 133
402 3138 451 3173 νο.
