2106 3453
466 241 658 280 'I'i'actatus
687 241 744 280 IV.
796 241 848 280 De
874 247 1098 280 sacramento
1125 242 1387 281 incarnationis.
1676 242 1745 280 77*

255 350 293 391 2.
343 350 448 391 ltem
483 362 568 390 non
596 349 748 391 habuit
783 350 1014 398 timorem
1048 349 1406 401 gehennalem,
1440 349 1638 390 ultimum
1667 350 1744 390 do-

111 438 265 466 norum
307 425 491 477 Spiritus
533 425 685 475 sancti,
731 439 843 478 quae
884 428 1108 466 enumerat
1141 425 1294 466 Jsaias:
1343 425 1397 465 Et
1441 425 1608 478 replevit
1653 439 1743 465 eum

112 502 287 554 spiritus
314 502 474 541 rimor-is
501 501 674 541 Domina·
701 501 775 555 (Ie.
806 501 947 554 11,3).
1012 501 1164 542 Dicunt
1193 500 1368 553 quidam
1399 501 1514 541 illum
1542 500 1744 542 habuisse

112 576 152 616 in
187 576 414 625 membris;
450 589 528 617 nos
562 589 662 616 vero
697 576 878 617 dicimus
911 577 950 616 in
986 576 1159 628 propria
1192 589 1393 628 persona,
1437 588 1522 616 non
1566 589 1642 628 pro
1682 589 1742 626 se,

112 652 186 692 sed
221 665 299 704 pro
333 652 552 693 membris.
615 652 658 693 Si
693 652 805 693 enim
843 666 990 693 verum
1025 652 1248 692 horrorem
1288 652 1441 693 habuit
1473 655 1513 692 et
1547 652 1740 694 dolorem
1782 673 1795 689 ι

111 731 152 768 et
180 741 301 768 veras
324 728 524 769 lacrimas
555 728 702 768 effudit
728 741 806 780 pro
833 728 1057 780 temporali
1089 730 1225 768 morte
1252 728 1414 778 Lazari,
1443 728 1578 768 multo
1606 728 1742 780 magis

110 804 307 845 timorem
344 806 385 845 et
418 803 610 844 dolorem
645 803 797 845 habuit
830 804 880 844 in>
904 817 950 845 se
975 817 1054 856 pro
1083 807 1259 845 aeterna
1287 804 1582 854 damnatione,
1611 817 1741 857 quam

109 879 282 920 Judaeis
315 878 598 932 praevidebat
628 893 706 932 pro
739 892 785 921 se
818 880 1110 932 infligendam.
1645 926 1648 929 Δ

254 955 322 996 Sic
363 956 508 1008 itaque
542 958 584 996 et
616 956 828 997 catholica
867 956 950 997 fide
989 956 1165 997 concedi
1211 959 1367 1008 potest,
1411 955 1628 997 Christum
1671 969 1743 1008 ge-

110 1031 337 1072 hennalem
387 1032 585 1072 timorem
637 1031 678 1072 in
724 1045 769 1073 se
821 1032 1037 1082 habuisse,
1083 1032 1179 1073 licet
1225 1034 1367 1073 certus
1412 1031 1610 1073 damnari
1655 1045 1740 1072 non

109 1120 249 1160 posse,
283 1108 399 1151 velut
433 1107 584 1148 morbo
618 1107 765 1160 leprae
807 1107 1091 1149 contaminari
1120 1115 1205 1148 non
1228 1108 1376 1159 valen-s
1403 1108 1443 1148 in
1473 1121 1530 1158 se,
1565 1107 1742 1149 timendi

109 1183 345 1224 secundum
376 1184 545 1232 modos;
582 1186 623 1224 et
655 1183 766 1224 hanc
793 1183 1044 1224 divisionem
1073 1183 1277 1224 timorum
1306 1183 1494 1224 Domini:
1531 1183 1639 1224 alius
1666 1183 1743 1223 ini-

109 1259 220 1301 tialis
256 1261 297 1300 et
329 1259 506 1309 servilis,
540 1259 649 1312 alius
682 1258 822 1300 filialis
855 1262 897 1299 et
931 1261 1088 1309 castus,
1122 1272 1208 1300 non
1243 1259 1333 1299 fieri
1361 1259 1610 1310 diversitate
1645 1272 1743 1311 spe-

109 1335 284 1385 cierum,
330 1335 405 1376 sed
453 1335 695 1384 modorum,
742 1335 947 1387 quoniam
994 1335 1106 1376 idem
1154 1334 1381 1386 singularis
1427 1334 1555 1375 timor
1599 1337 1743 1387 potest

110 1425 202 1464 esse
236 1425 287 1452 ex
321 1411 404 1452 alia
437 1411 606 1452 ratione
639 1410 811 1453 initialis
845 1414 886 1452 et
919 1411 1099 1460 servilis,
1134 1425 1184 1452 ex
1217 1411 1301 1453 alia
1322 1410 1497 1462 ,ratione
1525 1396 1672 1452 castus
1701 1413 1743 1452 et

108 1487 249 1529 filialis
284 1489 324 1528 et
357 1487 587 1539 perfectus
650 1486 767 1527 Idem
803 1487 916 1528 enim
942 1486 1070 1527 homo
1098 1486 1290 1527 timendo
1318 1487 1454 1528 Deum
1482 1486 1621 1538 primo
1649 1486 1743 1538 qui-

110 1563 205 1605 dem
251 1565 428 1615 propter
472 1562 727 1613 gehennam,
774 1565 876 1614 post
920 1575 1021 1602 vero
1067 1575 1216 1603 amore
1260 1562 1423 1603 aeterni
1470 1562 1663 1614 praemii,
1708 1561 1743 1602 si

110 1638 425 1690 continuaverit
457 1637 640 1682 eundem
676 1637 946 1690 singularem>
974 1638 1184 1688 timorem,
1212 1638 1395 1680 eandem
1430 1638 1657 1688 singularis
1691 1637 1742 1678 ti-

110 1714 557 1766 morisaffectionem,
601 1714 713 1754 idem
756 1714 982 1765 singularis
1020 1713 1162 1764 timor,
1205 1713 1293 1766 qui
1320 1713 1438 1766 prius
1481 1713 1664 1763 initialis
1697 1715 1739 1754 et

108 1790 285 1841 servilis,
320 1790 485 1831 dicetur
517 1789 668 1839 filialis,
702 1789 930 1842 perfectus,
972 1789 1052 1830 sed
1086 1802 1136 1829 ex
1179 1789 1357 1830 diversis
1400 1788 1641 1831 rationibus
1686 1788 1738 1828 ti·
1760 1805 1775 1829 2

109 1866 253 1907 mendi
286 1867 437 1919 Deum.

249 1941 372 1982 quta
404 1941 486 1982 hoc
524 1941 705 1982 dicimus
739 1940 957 1982 Christum
1000 1940 1216 1992 initialem¹
1249 1940 1317 1981 vel
1358 1940 1641 1992 gehennalem
1686 1940 1738 1980 ti-

110 2030 274 2059 morem
308 2017 529 2065 habuisse3
565 2017 638 2069 sed
673 2029 759 2057 non
794 2017 873 2058 fuit
912 2004 953 2057 in
987 2030 1037 2057 eo
1077 2017 1308 2067 initialiter,
1349 2016 1425 2057 sed
1464 2018 1596 2057 caste.
1660 2016 1742 2066 Qui

109 2079 222 2134 enim
256 2093 458 2133 immunis
491 2106 516 2133 a
548 2094 727 2145 peccato
762 2080 867 2142 erat,
903 2105 988 2132 non
1023 2092 1166 2133 timuit
1202 2093 1335 2133 Deum
1369 2094 1547 2144 propter
1582 2091 1741 2142 gehen-

109 2182 224 2219 nam,
259 2181 371 2221 quae
405 2169 506 2209 solis
538 2169 732 2222 timenda
768 2172 832 2210 est
864 2169 1176 2221 peccatoribus,
1219 2168 1294 2209 sed
1333 2181 1409 2220 spe
1442 2170 1483 2208 et
1516 2167 1742 2208 dilectione

109 2245 288 2297 praemii
322 2245 477 2299 timuit
543 2244 612 2286 Sic
645 2258 745 2296 ergo
780 2244 985 2286 initialem
1026 2244 1178 2285 habuit
1211 2244 1421 2293 Christus,
1462 2244 1537 2284 sed
1579 2243 1741 2296 perfec-

109 2323 214 2372 tum,
248 2321 349 2373 quia
382 2334 467 2361 non
502 2321 732 2371 initialiter,
766 2321 842 2362 sed
875 2321 1076 2373 perfecte,
1121 2334 1206 2361 non
1250 2320 1472 2369 serviliter,
1516 2320 1589 2360 sed
1634 2319 1742 2360 filia-

108 2396 215 2447 liter,
255 2410 341 2437 non
381 2397 554 2447 inceste,
594 2397 669 2438 sed
715 2399 844 2448 caste,
892 2410 976 2438 non
1024 2397 1201 2437 horrore
1245 2409 1427 2448 poenae,
1471 2396 1546 2437 sed
1593 2409 1742 2437 amore

109 2472 269 2524 gloriae
313 2473 467 2514 timuit.
539 2473 598 2513 De
643 2472 725 2514 hoc
770 2473 920 2515 initiali
966 2474 1120 2514 timore
1164 2472 1369 2524 scriptum
1419 2475 1500 2513 est:
1554 2470 1742 2524 Perfecta

109 2549 262 2589 caritas
290 2548 411 2601 forus
442 2549 568 2588 wreittz‘t
601 2549 784 2602 timorem
819 2549 865 2603 (Ι
885 2548 979 2590 Jolz.
1009 2550 1048 2601 4,
1073 2548 1153 2602 18),
1188 2548 1302 2603 quod
1332 2548 1384 2589 de
1411 2548 1554 2601 futuro
1588 2534 1741 2589 intelli-

110 2624 315 2675 gendum3
362 2624 435 2664 sed
471 2637 556 2664 non
591 2624 761 2665 affectio
794 2624 986 2665 caritatis
1019 2624 1291 2666 affectionem
1334 2623 1500 2664 timoris
1544 2623 1741 2676 expellet,

110 2699 210 2752 quia
244 2701 285 2740 et
317 2699 496 2740 caritate
536 2702 577 2740 et
618 2700 771 2741 timore
814 2703 914 2741 tunc
953 2699 1180 2750 afficietur,
1226 2699 1432 2752 quoniam
1479 2699 1651 2751 quidem
1700 2699 1740 2757 in

111 2774 180 2815 illa
213 2774 437 2816 dulcedine
470 2774 584 2815 vitae
617 2776 821 2817 aeternae
855 2775 1040 2828 amplius
1074 2775 1299 2827 diligemus
1332 2775 1554 2815 doctorem
1582 2776 1624 2815 et
1650 2787 1742 2815 am-

252 2923 272 2957 3
300 2922 455 2967 quidam]
483 2923 594 2967 aliqui
622 2926 664 2958 R.
762 2926 784 2958 4
811 2924 962 2958 dicimus
980 2936 1043 2958 om.
1060 2927 1100 2958 A.
1199 2924 1219 2958 8
1246 2935 1308 2968 pro
1329 2934 1367 2957 Se
1388 2935 1452 2958 om.
1475 2925 1551 2956 BA
1575 2925 1608 2956 in
1630 2935 1741 2965 mat-q.

111 2982 304 3028 infligenda
319 2985 362 3017 Α.
464 2983 503 3016 19
530 2983 578 3025 et]
606 2983 663 3017 vel
684 2985 726 3019 B.
825 2983 869 3022 28
896 2984 1032 3018 incaste
1056 2986 1096 3019 A.
1195 2983 1238 3017 29
1265 2983 1385 3016 timuit
1411 2994 1475 3016 om.
1505 2984 1545 3015 B.

257 3121 264 3138 ¹
293 3123 354 3154 88.
382 3121 442 3154 ΙΙΙ.
472 3121 525 3156 17.
554 3121 637 3162 (115
663 3122 745 3164 Sq);
774 3120 888 3154 Patr.
919 3119 1053 3153 Lomb.
1082 3122 1175 3154 Sem.
1204 3119 1225 3152 l.
1253 3119 1313 3153 Ill.
1343 3118 1373 3152 d.
1400 3118 1456 3152 34.
1485 3129 1516 3162 p,
1545 3117 1587 3152 ΙΙ.

1765 1047 1796 1071 10

1766 1423 1796 1447 15

1764 2180 1797 2205 25

1761 2561 1796 2586 30
