2106 3453
329 207 394 243 130
403 205 419 225 *
926 201 1133 238 Sententiae
1160 201 1370 237 divinitatis.

329 326 405 353 cem
437 311 588 363 bibetis,
618 313 783 350 moment
806 322 932 348 ‘mermi
958 306 1264 348 sinn-imtt'abitia
1286 306 1339 360 (I.
1361 307 1454 348 Cor.
1474 307 1540 357 11,
1558 305 1626 357 24,
1644 303 1730 358 26).
1761 306 1765 356 l
1795 304 1961 346 Causa
1977 318 2104 344 f.100v⁰.

326 386 679 428 institutionis
713 385 827 426 salus
861 386 903 425 et
930 383 1169 435 redemptio
1203 385 1365 423 nostra.
1429 381 1548 422 Sicut
1580 381 1694 421 enim
1729 380 1963 433 corporalis

330 464 420 503 eius
453 462 699 515 praesentia
731 461 855 501 nobis
889 459 966 500 fuit
1000 458 1254 508 necessaria,
1295 458 1336 498 in
1371 471 1456 510 qua
1495 459 1717 509 pateretur
1750 459 1792 497 et
1824 469 1964 496 more-

326 544 458 588 retur,
498 539 557 578 ita
598 540 638 578 et
671 538 777 578 haec
812 535 1047 588 corporalis
1080 533 1420 586 repraesentatio
1455 533 1578 574 nobis
1614 536 1677 573 est
1710 532 1965 579 necessaria,

290 615 369 655 5in
419 628 504 667 qua
548 614 720 654 unimur
765 612 801 653 ei
845 614 886 653 et
927 611 1017 663 ipse
1056 610 1192 651 nobis.
1261 610 1395 650 Tenet
1439 609 1545 650 fides
1588 608 1804 659 ecclesiae,
1850 606 1965 660 quod

328 693 518 744 quantus
565 692 604 730 et
646 689 783 742 qualis
830 688 956 728 fuerit
996 687 1035 727 in
1071 690 1194 727 utero
1227 686 1415 737 virginis,
1458 686 1499 726 in
1542 698 1680 734 cruce,
1724 685 1879 726 sedens
1912 684 1966 725 ad

326 768 548 808 dexteram
580 766 734 814 Patris,
768 766 916 806 tantus
951 765 992 804 et
1024 763 1120 803 talis
1154 763 1207 802 sit
1240 762 1281 802 in
1310 761 1434 803 altari
1463 764 1504 802 et
1530 762 1572 801 in
1600 761 1800 802 manibus
1827 773 1967 801 sacer-

327 843 439 883 dotis
487 844 527 882 et
572 841 757 882 sumitur
799 840 854 880 ab
894 851 1159 891 unoquoque
1192 837 1325 886 fideli,
1373 837 1447 878 sed
1490 851 1575 877 non
1609 839 1756 878 tantus
1789 850 1839 877 ac
1870 836 1967 876 talis

327 921 510 972 apparet
543 918 683 967 nobis,
717 931 771 958 ne
806 916 1121 958 abhorreamus
1154 915 1391 955 humanam
1428 927 1601 955 carnem
1630 917 1671 955 et
1698 914 1965 964 sanguinem,

274 1011 305 1036 10
325 995 389 1035 vel
424 996 471 1035 ut
504 994 609 1034 fides
643 995 791 1033 nostra
832 992 992 1033 habeat
1030 990 1246 1039 meritum,
1290 989 1390 1042 quia
1429 989 1499 1030 illa
1539 989 1644 1030 fides
1677 989 1809 1029 habet
1842 990 1967 1029 meri-

326 1073 433 1120 tum,
467 1070 534 1110 cui
566 1069 759 1110 humana
792 1068 902 1108 ratio
937 1080 1022 1108 non
1057 1067 1237 1119 praehet
1280 1066 1637 1117 experimentum.
1702 1065 1842 1115 Magni
1877 1078 1966 1105 me-

327 1146 395 1187 riti
430 1146 509 1186 erit
541 1145 665 1185 nohis
698 1144 739 1184 in
774 1144 917 1184 futuro
953 1143 1059 1184 haec
1092 1142 1212 1192 fides,
1247 1154 1332 1193 qua
1365 1141 1577 1182 credimus
1607 1141 1648 1181 in
1676 1141 1816 1193 specie
1844 1140 1968 1193 panis

328 1224 369 1263 et
402 1221 487 1261 vini
522 1221 638 1261 illum
681 1220 910 1272 suscipere,
954 1232 1080 1271 quem
1126 1221 1243 1258 totus
1284 1218 1472 1258 :mundus
1505 1230 1658 1269 capere
1691 1230 1776 1257 non
1809 1219 1965 1269 potest.

469 1296 638 1346 Quare
671 1297 716 1336 in
751 1295 924 1348 specie
958 1295 1106 1347 panis
1150 1296 1198 1334 et
1238 1294 1340 1334 vini
1380 1294 1539 1345 magis
1582 1306 1729 1346 quam
1770 1293 1817 1333 in
1851 1293 1965 1334 aliis

276 1389 306 1413 15
326 1373 480 1414 rebus
526 1372 689 1413 voluit
733 1384 919 1423 corpus
964 1384 1107 1411 suum
1153 1370 1378 1420 tradere,
1435 1370 1568 1410 solet
1619 1369 1810 1422 quaeri.
1880 1369 1965 1410 Re-

327 1449 540 1502 spondeo:
576 1448 745 1488 duabus
767 1447 819 1487 de
842 1446 995 1487 causis.
1043 1446 1215 1486 Habent
1243 1446 1355 1486 enim
1377 1446 1630 1486 affinitatem
1660 1459 1755 1486 cum
1786 1458 1965 1497 corpore

329 1538 421 1575 suo,
457 1524 573 1577 quod
607 1526 671 1564 est
704 1523 894 1564 ecclesia.
960 1523 1078 1563 Sicut
1112 1523 1222 1563 enim
1260 1535 1309 1563 ex
1345 1521 1488 1562 multis
1521 1522 1664 1573 granis
1698 1535 1808 1562 unus
1841 1522 1964 1574 panis

329 1600 513 1641 efficitur
543 1602 585 1640 et
606 1600 714 1640 sicut
736 1612 786 1639 ex
807 1598 953 1639 multis
974 1598 1068 1638 uvis
1091 1611 1225 1638 unum
1248 1598 1393 1638 vinum
1421 1598 1647 1649 eliquatur,
1670 1597 1728 1637 ita
1751 1611 1800 1637 ex
1822 1597 1964 1637 multis

327 1676 526 1717 fidelihus
560 1689 695 1716 unum
732 1688 899 1727 corpus,
943 1674 1059 1726 quod
1093 1674 1261 1715 Christo
1305 1673 1433 1725 capiti
1473 1674 1679 1715 inhaeret.
1748 1674 1818 1713 Vel
1854 1673 1963 1723 ideo,

274 1771 307 1795 ρο
328 1754 429 1806 quia
466 1752 590 1805 panis
632 1751 808 1792 solidior
849 1754 912 1791 est
954 1750 1155 1791 omnihus
1201 1749 1317 1799 cibis,
1353 1752 1394 1790 et
1435 1749 1559 1802 inops
1592 1751 1656 1789 est
1689 1762 1836 1790 mensa
1870 1749 1962 1789 sine

326 1842 452 1882 pane,
493 1831 535 1869 et
567 1840 652 1868 non
688 1829 751 1868 est
784 1826 906 1878 copia
950 1839 1137 1875 mensae,
1173 1826 1212 1866 in
1249 1839 1334 1878 qua
1367 1826 1490 1877 panis
1524 1839 1608 1865 nou
1644 1827 1721 1875 est,
1769 1827 1811 1865 et
1843 1825 1964 1878 panis

327 1920 395 1945 cor
426 1905 603 1945 laomim}¹
636 1902 864 1956 confirmat,
901 1902 1010 1943 sicut
1045 1902 1146 1943 dicit
1180 1901 1440 1954 Propheta
1475 1901 1560 1954 (ΡΒ.
1588 1902 1685 1953 103,
1716 1901 1798 1950 15).
1863 1901 1962 1942 Ideo

328 1982 369 2022 in
403 1981 544 2034 specie
577 1980 701 2033 panis
739 1980 993 2029 celebratur,
1036 1982 1083 2020 ut
1124 1979 1165 2019 in
1206 1978 1580 2020 consummatione
1620 1981 1661 2019 et
1702 1977 1962 2029 perfectione

328 2057 520 2098 omnium
555 2057 768 2097 bonorum
802 2055 867 2096 sit.
934 2055 1103 2105 Vinum,
1139 2058 1183 2095 ut
1217 2055 1363 2095 dicunt
1394 2054 1571 2107 physici,
1606 2053 1758 2094 transit
1788 2054 1826 2093 in
1861 2066 1961 2093 san-

275 2155 309 2180 ‹25
329 2133 515 2185 guinem,
551 2134 592 2173 et
625 2132 798 2183 sanguis
840 2134 903 2172 est
935 2131 1059 2172 sedes
1098 2131 1268 2172 animae
1303 2133 1343 2171 et
1385 2130 1587 2182 laetificat,
1631 2132 1675 2170 ut
1709 2129 1810 2169 dicit
1842 2129 1962 2169 Pro-

329 2209 482 2262 pheta
511 2208 578 2263 (L.
595 2208 660 2260 6.).
714 2208 813 2248 [deo
842 2207 882 2247 in
911 2207 1052 2259 specie
1078 2207 1152 2248 tali
1186 2207 1437 2256 celebratur,
1473 2208 1520 2246 ut
1554 2208 1733 2246 mortem
1768 2208 1959 2246 nostram

328 2286 529 2327 laetificet
563 2287 604 2325 et
637 2284 808 2325 animae
841 2284 1021 2324 salutem
1057 2283 1277 2325 conferat.v

472 2361 578 2402 Cum
623 2360 687 2401 his
730 2360 898 2401 duabus
939 2359 1161 2411 speciebus
1204 2371 1352 2399 verum
1396 2371 1551 2410 corpus
1591 2357 1748 2399 Christi
1790 2370 1962 2409 reprae-

330 2440 536 2487 sentetur,
581 2437 712 2478 solet
756 2436 953 2489 quaeri,
1000 2449 1157 2488 quare
1205 2448 1337 2487 aqua
1371 2434 1762 2475 admisceaturl.
1837 2434 1963 2485 Aqua

276 2540 309 2564 30
330 2514 535 2566 populum
577 2513 800 2565 significat.
864 2512 987 2552 Unde
1020 2512 1277 2552 Johannes
1317 2511 1363 2550 in
1398 2510 1730 2563 Apocalypsi:
1819 2511 1962 2563 Aquae

329 2590 480 2629 multae
513 2589 661 2642 populi
690 2589 811 2628 multe?
844 2587 987 2641 (Alme.
1025 2588 1092 2635 17,
1118 2588 1200 2635 15).
1273 2586 1517 2638 Apponitur
1558 2598 1657 2637 ergo
1703 2599 1817 2638 aqua
1866 2585 1961 2625 vino

478 2748 498 2780 5
524 2747 666 2780 unimur
680 2749 819 2790 scripsi,
835 2749 862 2780 A
880 2747 911 2779 R
925 2746 1068 2779 utimur.
1143 2745 1163 2779 8
1191 2747 1226 2779 et
1241 2757 1304 2780 om.
1322 2747 1363 2778 R.
1444 2744 1664 2778 consumitur
1678 2746 1719 2778 Β.
1798 2743 1839 2777 10
1861 2743 1963 2777 habe-

330 2808 386 2840 ret
405 2806 448 2841 Α.
548 2806 589 2840 11
617 2806 735 2849 magis
761 2808 803 2841 A.
922 2806 963 2839 15
990 2804 1096 2838 rebus
1122 2816 1186 2839 om.
1214 2806 1255 2838 Β.
1358 2809 1440 2847 post
1465 2803 1606 2837 tradere
1634 2805 1717 2839 add.
1741 2805 1771 2836 B
1797 2805 1833 2836 et
1857 2802 1962 2835 hodie

331 2865 374 2900 ab
401 2865 552 2899 ecelesia
577 2864 760 2899 celebrari.
862 2865 902 2898 17
926 2869 1007 2907 post.
1032 2863 1155 2907 granis
1181 2864 1263 2896 aad.
1294 2864 1324 2896 Β
1350 2874 1457 2896 unum
1485 2874 1613 2907 corpus
1639 2863 1707 2897 vel.
1787 2862 1827 2895 18
1854 2872 1960 2894 unum

331 2937 396 2958 om.
412 2928 454 2958 A.
553 2923 596 2957 28
623 2923 822 2968 speciebus]
849 2922 1086 2957 sacramentis
1114 2924 1154 2956 B.
1254 2922 1298 2955 29
1326 2922 1485 2963 admiso.]
1513 2925 1665 2965 ponatur
1694 2924 1734 2956 B.

474 3070 483 3088 ¹
513 3072 575 3105 SS.
604 3071 663 3112 VI,
685 3071 705 3104 9
734 3072 813 3113 (145
830 3070 889 3111 C);
917 3070 1053 3104 Lomb.
1082 3071 1175 3104 Sem.
1202 3070 1225 3105 l.
1253 3070 1311 3106 IV,
1340 3070 1371 3104 d.
1402 3070 1454 3104 11.
1482 3081 1510 3104 c.
1540 3071 1569 3103 5.
