2106 3453
306 1077 338 1101 10

308 1456 336 1480 15

359 271 450 307 140*
950 272 1155 307 Sententiae
1183 273 1394 307 divinitatis.

356 377 509 427 Patris,
552 376 655 416 nulli
698 389 892 428 unquam
936 377 1062 417 edere
1108 376 1223 417 licuit
1265 377 1330 417 vel
1376 377 1545 418 licebit‘.
1630 377 1797 417 ldem1:
1846 375 1990 426 ,Filius

355 452 541 492 hominis
574 452 810 492 secundum
847 453 1031 493 formam
1067 452 1302 493 divinitatis
1336 453 1493 504 ubique
1528 455 1604 501 est,
1646 452 1721 493 sed
1754 452 1986 493 secundum

366 529 553 568 sormam
587 528 869 569 humanitatis
902 528 942 568 in
985 541 1069 568 uno
1115 528 1208 569 loco
1253 530 1423 569 tantum
1470 531 1560 569 est‘.
1608 528 1720 568 2Sed
1755 531 1854 568 sunt
1886 527 1994 568 aliae

356 604 650 654 auctoritates,
680 617 790 656 quae
817 604 882 643 liis
910 604 1099 645 obviant.
1157 604 1272 645 idem
1308 604 1634 654 Augustinus
1669 604 1707 644 in
1736 603 1818 644 alio
1846 603 1938 643 loco
1957 605 1988 643 2:

357 680 497 730 ,Quod
531 679 640 720 oculi
668 679 802 720 nostri
830 680 1100 727 denuntiant,
1134 680 1258 731 panis
1286 682 1326 720 et
1357 680 1499 720 vinum
1530 682 1605 728 est,
1640 679 1714 720 sed
1742 679 1858 730 quod
1885 678 1991 719 tides

356 756 613 808 expostulat,
648 768 746 796 caro
776 758 817 796 et
844 756 1017 806 sanguis
1046 755 1201 796 Christi
1231 746 1344 796 est‘.>
1386 756 1441 796 Et
1469 755 1593 797 alibi
1611 757 1642 796 3:
1679 755 1857 804 ,Cotidie
1885 754 1992 794 invi-

356 831 488 872 sibilis
521 832 723 872 sacerdos
756 831 943 872 visibiles
977 834 1196 872 creaturas
1230 832 1270 871 in
1306 845 1460 884 corpus
1500 834 1541 873 et
1569 831 1831 883 ‚sanguinem
1865 843 1990 870 suum

356 910 625 949 commutat‘.
692 908 747 948 Et
786 908 959 949 alibi4:
1009 908 1217 958 ,Christus
1251 909 1304 949 de
1336 910 1450 950 terra
1484 911 1561 958 est,
1603 908 1703 960 quia
1746 908 1798 948 de
1834 907 1992 959 virgine

355 986 483 1025 natus
518 986 595 1034 est,
637 986 680 1024 et
712 984 764 1023 de
799 997 849 1025 ea
883 997 1056 1025 carnem
1090 984 1279 1036 suscepit
1312 986 1353 1025 et
1385 984 1428 1025 in
1461 997 1512 1025 ea
1545 984 1784 1026 ambulavit
1817 986 1859 1024 et
1892 997 1992 1024 ean-

359 1060 456 1101 dem
491 1059 842 1101 manducandam
877 1060 1000 1101 nobis
1035 1060 1240 1101 donavit‘.
1305 1061 1356 1101 Et
1388 1060 1482 1113 ipsa
1517 1060 1701 1102 Veritas:
1750 1061 1843 1101 Niso*
1876 1074 1991 1100 inan-

356 1136 604 1176 ‹lucam-effus
637 1150 801 1176 carnem
833 1136 913 1189 filii
944 1136 1120 1176 lemniscis
1155 1140 1233 1178 etc.
1269 1136 1380 1190 (Joh.
1416 1142 1455 1190 (j,
1478 1138 1564 1188 54).
1628 1137 1765 1178 Idem:
1812 1137 1901 1177 Hoc
1939 1141 1994 1176 est

356 1226 503 1265 corpus
543 1226 686 1264 rizelam,
729 1212 836 1267 quod
880 1226 961 1266 pro
1003 1212 1111 1252 robis
1153 1213 1342 1253 tradetur
1383 1213 1435 1267 (I.
1476 1214 1567 1255 Cor.
1606 1214 1672 1265 11,
1696 1213 1788 1266 24);
1837 1225 1992 1265 corpus

356 1302 499 1329 meum
535 1288 832 1339 substantiale,
867 1289 926 1330 ita
960 1289 1135 1341 exponit
1168 1289 1502 1341 Augustinus.

502 1364 729 1406 Extremae
763 1365 1043 1406 auctorItates
1086 1365 1248 1414 volunt,
1294 1365 1408 1417 quod
1444 1365 1638 1406 Christus
1679 1366 1915 1406 secundum
1950 1378 1994 1405 se

358 1440 412 1481 sit
451 1441 491 1481 in
536 1440 661 1482 altari
703 1443 744 1481 et
783 1441 838 1481 ab
871 1453 1134 1493 unoquoque
1168 1440 1281 1481 fideli
1314 1443 1522 1490 sumatur,
1567 1443 1609 1481 et
1640 1441 1698 1482 ita
1737 1442 1855 1481 tenet
1887 1440 1993 1481 fides

358 1517 575 1567 ecclesiae,
622 1517 737 1569 quod
785 1519 930 1558 tantus
973 1519 1013 1557 et
1056 1516 1151 1558 talis
1194 1516 1247 1557 sit
1286 1517 1328 1556 in
1369 1516 1506 1566 altari,
1553 1519 1741 1569 quantus
1781 1519 1821 1557 et
1855 1517 1992 1569 qualis

359 1596 422 1633 est
465 1592 520 1634 ad
563 1592 785 1633 dexteram
819 1592 972 1633 Patris.
1041 1592 1355 1633 praecedentes
1397 1593 1676 1634 auctoritates
1715 1606 1863 1633 omnes
1906 1606 1992 1633 uno

359 1670 488 1709 modo
534 1669 889 1710 determinantur.
963 1668 1058 1709 Non
1104 1669 1185 1709 hoc
1228 1681 1396 1720 corpus,
1444 1669 1560 1720 quod
1606 1669 1756 1709 videtis
1799 1671 1893 1718 eto,
1940 1669 1992 1709 de

359 1745 499 1785 hostia
533 1745 616 1795 illa,
650 1757 762 1797 quae
795 1747 858 1785 est
892 1745 930 1784 in
967 1744 1091 1786 altari
1119 1748 1216 1793 etc.;
1252 1744 1363 1785 filius
1396 1745 1631 1785 secundum
1670 1746 1850 1786 formam
1885 1744 1991 1785 divi-

305 1842 319 1854 o
359 1822 505 1863 nitatis
539 1824 622 1870 elc;
664 1822 810 1862 dicunt
842 1821 949 1862 istae
982 1821 1276 1870 auctoritates,
1321 1821 1436 1873 quod
1470 1835 1555 1862 nou
1590 1821 1630 1861 in
1666 1822 1816 1862 eadem
1852 1822 1993 1861 forma

358 1900 400 1938 et
433 1898 624 1938 claritate
658 1897 780 1937 nobis
814 1899 1009 1949 apparet,
1052 1897 1093 1937 in
1128 1911 1213 1949 qua
1247 1900 1310 1938 est
1343 1897 1398 1939 ad
1433 1897 1654 1938 dexteram
1689 1897 1842 1947 Patris,
1892 1897 1993 1949 quia

357 1987 442 2014 non
476 1986 701 2025 possemus
734 1973 823 2025 pati
856 1973 1063 2024 fulgorem
1103 1974 1292 2025 corporis
1325 1974 1427 2024 eius,
1475 1976 1517 2014 et
1558 1976 1704 2013 tamen
1747 1973 1987 2014 secundum

359 2049 541 2091 eandem
585 2050 766 2089 formam
813 2051 854 2089 et
887 2049 1125 2090 claritatem
1160 2052 1223 2090 est
1256 2049 1326 2099 ibi,
1373 2049 1448 2090 sed
1491 2062 1575 2089 non
1620 2048 1757 2099 nobis,
1805 2050 1905 2101 quia
1952 2050 1990 2089 in

359 2125 553 2166 claritate
588 2125 656 2166 illa
692 2138 776 2165 non
806 2125 999 2165 videmus
1034 2139 1146 2175 eum,
1180 2126 1288 2166 sicut
1320 2126 1361 2165 in
1397 2125 1590 2166 claritate
1624 2125 1693 2165 illa
1727 2138 1810 2165 non
1847 2128 1991 2166 osten-

303 2220 319 2245 2
358 2201 419 2242 dit
452 2215 496 2242 se
530 2202 747 2254 discipulis
780 2202 1055 2242 tendentibus
1090 2202 1129 2241 in
1165 2202 1383 2250 Emmaus,
1417 2202 1491 2242 sed
1525 2202 1566 2242 in
1594 2202 1735 2254 specie
1761 2203 1985 2253 peregrini.

477 2277 618 2318 Solet
663 2278 860 2329 quaeri,
913 2277 1098 2329 quibus
1150 2278 1215 2318 sit
1260 2291 1558 2318 concessum
1604 2277 1866 2319 celebrare
1899 2277 1990 2318 hoc

359 2357 736 2395 sacramentum
756 2363 770 2379 0
846 2353 958 2394 Solis
999 2353 1295 2394 sacerdotibus
1330 2357 1394 2394 est
1428 2366 1694 2394 concessum.
1759 2353 1885 2403 Quod
1912 2366 1990 2405 po-

358 2432 440 2471 test
484 2429 692 2482 perpendi
729 2443 779 2470 ex
822 2429 901 2470 hoc
947 2429 1063 2482 quod
1109 2430 1318 2470 Dominus
1362 2430 1467 2470 dixit
1509 2429 1742 2482 discipulis:
1791 2430 1985 2483 Accipite,

357 2506 427 2546 hoc
442 2510 497 2546 est
512 2519 658 2559 Cotym&
675 2519 819 2556 meum,
834 2505 905 2545 hoc
916 2506 1042 2558 facite
1058 2507 1101 2546 m
1116 2520 1244 2546 meam
1260 2507 1675 2546 commemorationem
1691 2505 1808 2560 (Lice.
1819 2508 1889 2557 22,
1909 2506 1987 2559 19).

503 2655 517 2687 1
548 2653 651 2687 edere
678 2666 742 2687 om.
764 2654 806 2688 Β.
884 2659 966 2697 post
992 2653 1114 2687 licebit
1139 2655 1269 2687 add.13
1297 2653 1353 2686 vel
1379 2653 1473 2689 licet.
1548 2653 1568 2686 2
1595 2653 1669 2694 sed]
1693 2654 1730 2686 et
1747 2655 1785 2686 B.
1865 2654 1886 2686 4
1913 2658 1995 2696 post

359 2712 415 2746 his
440 2715 523 2747 add.
545 2711 573 2742 l}
592 2713 878 2747 auctoritatibus.
939 2714 958 2746 5
981 2712 1095 2756 Quod]
1112 2713 1194 2757 quia
1211 2715 1248 2747 [ἰ.
1314 2714 1332 2746 7
1356 2725 1447 2757 quae
1462 2724 1589 2756 corpus
1605 2714 1640 2746 et,
1660 2713 1869 2755 sanguinem
1890 2723 1994 2745 suum

357 2774 579 2805 commutant
600 2775 642 2806 A.
766 2775 820 2806 9—
840 2773 880 2806 lO
912 2778 995 2815 post
1031 2772 1178 2806 eandem
1219 2774 1301 2807 add.
1331 2771 1372 2806 R.
1400 2772 1664 2806 ambulandum.
1790 2771 1831 2805 10
1853 2777 1935 2814 post
1960 2773 1995 2804 et

359 2834 440 2866 add.
467 2831 498 2862 B
522 2831 616 2865 alibi.
744 2832 780 2865 11
819 2843 934 2865 meam
961 2834 996 2865 et
1022 2831 1235 2874 sanguinem
1274 2843 1390 2865 meum
1421 2831 1593 2871 biberitis,
1620 2842 1689 2864 non
1715 2830 1796 2865 hab.
1822 2830 1934 2863 vitam
1960 2830 1993 2863 in

360 2890 461 2924 vobis
482 2890 523 2925 B.
624 2891 665 2924 15
693 2890 750 2933 sit]
778 2892 834 2924 est
854 2892 894 2925 A.
995 2891 1038 2924 29
1066 2891 1206 2924 facietis
1226 2893 1270 2924 B.

503 3027 513 3044 ¹
540 3040 567 3060 o.
596 3028 652 3062 44.
680 3028 699 3069 ἓ
731 3028 761 3062 1.
789 3027 831 3060 de
858 3038 953 3060 cons.
980 3026 1012 3061 d.
1039 3026 1070 3060 2.
1170 3025 1182 3043 '²
1208 3038 1235 3061 O.
1267 3026 1320 3059 58.
1350 3025 1369 3067 ξ
1402 3027 1428 3059 l.
1457 3025 1498 3058 de
1526 3036 1620 3060 conS.
1649 3025 1680 3057 d.
1708 3026 1744 3060 2.

503 3084 515 3101 ²³
542 3098 570 3119 c.
599 3086 653 3119 35.
683 3086 702 3128 ξ
735 3087 760 3119 1.
789 3086 831 3119 de
858 3098 952 3121 cons,
982 3085 1012 3118 d.
1040 3085 1071 3119 2.
1125 3086 1221 3118 Pan.
1252 3085 1275 3125 1,
1302 3084 1376 3118 129.

500 3145 513 3162 4
540 3146 584 3180 cf,
613 3157 640 3179 c.
670 3146 724 3179 92.
753 3145 772 3188 ἓ
799 3147 830 3180 4.
859 3145 900 3178 de
929 3157 1022 3178 cons,
1054 3144 1083 3179 d.
1112 3145 1144 3178 2.
1243 3143 1255 3161 5
1281 3143 1524 3182 Rolandus,
1552 3144 1620 3176 216
1636 3154 1687 3187 sq.
