2106 3453
58 1723 77 1748 f.
97 1724 139 1749 9⁶2.

516 231 706 268 ‘Fractatus
732 230 793 269 IV.
846 231 895 268 De
922 232 1145 267 sacramento
1172 230 1436 267 incarnationis.
1720 228 1790 266 81*

163 341 261 380 sunt
295 339 489 380 membra
524 339 626 386 eius,
658 338 809 380 mereri
842 339 1008 379 ratione
1035 337 1235 387 consorti,
1266 349 1344 389 pro
1373 349 1422 377 eo
1452 336 1569 388 qnod
1597 336 1792 376 membra

163 418 262 455 sunt
295 415 384 456 eius
418 418 460 456 et
492 428 625 455 unum
659 428 756 456 cum
800 415 869 455 illo
910 414 981 467 qui
1015 414 1056 454 in
1089 413 1149 454 eis
1183 415 1387 465 operatur
1419 413 1581 453 bonum
1615 412 1722 452 velle
1749 415 1791 453 et

163 491 379 543 perficere.
445 491 504 531 Ex
543 490 616 532 tali
658 490 875 531 consortio
919 490 1119 531 dicuntur
1162 489 1330 539 mereri,
1377 502 1462 529 non
1497 491 1642 530 autem
1689 500 1790 529 vero

163 568 335 608 nomine
368 567 575 618 merendi,
609 553 717 608 sicut
749 567 990 620 baptismus
1023 569 1065 607 et
1099 566 1300 607 sacerdos
1343 565 1542 606 dicuntur
1573 565 1791 605 remittere

162 643 404 695 baptizatis,
439 656 526 683 non
561 643 676 695 quod
711 656 810 684 vere
834 642 1088 695 baptismus,
1122 641 1164 682 id
1198 644 1262 701 est
1283 654 1398 693 aqua
1431 640 1502 681 iila
1529 640 1787 689 santificata,

162 719 353 760 remittat
386 721 427 760 et
454 719 669 769 sacerdos,
703 719 778 760 sed
807 733 857 759 ex
885 718 1114 759 consortiO.
1180 717 1288 759 Cum
1318 716 1430 758 enim
1458 716 1659 758 sacerdos
1686 729 1788 768 pue-

162 807 254 835 rum
278 794 445 845 intingit
474 795 515 835 in
543 808 717 847 aquam,
750 795 873 835 adest
900 794 1100 836 sacerdos
1131 793 1351 834 invisibilis
1379 793 1609 834 remittere.
1668 792 1792 833 Unde

161 871 363 912 sacerdos
384 874 426 912 et
447 871 687 923 baptismus
709 871 910 912 dicuntur
930 871 1158 912 remittere.
1221 871 1327 911 Ecce
1354 869 1575 922 quomodo
1597 868 1792 911 Christus

161 947 240 987 sibi
274 949 315 988 et
347 947 471 988 nobis
504 947 674 988 meruit.

303 1023 347 1064 Si
380 1023 564 1064 dicatur:
602 1023 754 1064 melior
787 1025 827 1064 et
855 1023 1021 1065 beatior
1047 1023 1125 1064 fuit
1150 1025 1249 1075 post
1275 1022 1632 1063 resurrectionem
1661 1034 1789 1074 quam

161 1101 275 1149 ante,
318 1099 453 1140 dicas:
501 1099 657 1140 falsum
711 1102 787 1140 est.
851 1099 1082 1141 Beatitudo
1128 1099 1239 1140 enim
1287 1098 1480 1139 consistit
1523 1097 1565 1139 in
1611 1097 1793 1147 duobus,

161 1175 402 1227 cognitione
435 1175 511 1216 Dei
555 1178 597 1216 et
629 1181 790 1216 amore.
856 1175 979 1215 Unde
1020 1175 1101 1216 hoc
1146 1176 1226 1215 est:
1282 1174 1378 1214 Vim
1423 1179 1589 1214 aeterna
1634 1177 1702 1225 est,
1750 1177 1795 1213 ut

160 1255 400 1305 ‹voqnoscant
426 1255 461 1291 te
488 1253 567 1292 etc.
603 1251 713 1305 (Joli.
745 1252 812 1303 17,
829 1250 888 1303 3).
954 1250 1062 1291 Cum
1092 1263 1191 1302 ergo
1219 1263 1305 1290 non
1334 1250 1428 1302 plus
1456 1250 1583 1290 hodie
1611 1262 1794 1300 cognos-

161 1329 230 1368 cat
262 1327 328 1368 vel
361 1327 508 1379 diligat
541 1340 669 1380 quam
705 1327 760 1369 ab
793 1326 886 1379 ipsa
930 1327 1223 1379 conceptione,
1252 1340 1330 1368 nec
1357 1326 1508 1367 melior
1535 1325 1599 1366 vel
1626 1326 1793 1367 beatior

161 1406 225 1445 est
256 1404 384 1445 hodie
417 1417 547 1456 quam
582 1406 683 1445 ante
716 1403 1087 1445 resurrectionem.
1132 1403 1183 1443 Et
1215 1402 1450 1444 secundum
1486 1403 1593 1443 haec
1617 1403 1702 1443 duo
1730 1403 1793 1443 in-
1832 1417 1847 1440 5

160 1480 389 1531 telligenda
423 1483 487 1521 est
520 1480 756 1521 auctoritas
782 1480 1004 1533 praedicta
1033 1479 1349 1532 Hieronymi:
1385 1479 1580 1520 Christus
1608 1479 1648 1518 in
1676 1479 1792 1519 nulio

160 1556 367 1608 proficere
417 1556 572 1608 potuit.
648 1556 914 1608 Sapientiam
968 1558 1098 1608 atque
1143 1556 1366 1597 scientiam
1413 1555 1652 1608 profectum
1706 1568 1791 1595 non

160 1645 287 1685 posse
320 1632 477 1673 referre
509 1632 692 1684 putavit,
727 1645 813 1672 non
847 1634 994 1673 tamen
1028 1632 1084 1673 ab
1117 1631 1203 1672 alia
1235 1631 1344 1672 ferre
1376 1644 1503 1683 posse
1535 1631 1721 1682 negavit.

302 1707 387 1749 Sed
427 1707 673 1760 opponitur,
716 1707 832 1760 quod
875 1710 878 1760 Ι
921 1707 1116 1748 Christus
1158 1707 1198 1747 in
1242 1707 1443 1759 passione
1488 1706 1589 1746 nibil
1626 1707 1792 1756 meruit,

161 1783 241 1824 hoc
287 1784 437 1825 modo:
499 1783 695 1824 Christus
746 1785 982 1836 antequam
1034 1785 1268 1836 pateretur,
1323 1783 1473 1824 habuit
1527 1783 1792 1823 voluntatem

160 1859 353 1912 patiendi
387 1862 428 1901 et
462 1860 700 1902 humanum
734 1873 870 1912 genus
902 1859 1156 1910 redimendi,
1191 1861 1232 1900 et
1266 1873 1316 1901 ex
1350 1859 1429 1900 hac
1466 1859 1688 1899 voluntate
1721 1859 1794 1899 be—

161 1936 417 1977 atitudinem
453 1935 623 1986 meruit,
657 1936 759 1989 quia
792 1936 994 1977 voluntas
1028 1949 1105 1988 pro
1133 1936 1247 1977 facto
1276 1935 1478 1977 habenda
1506 1938 1570 1977 est
1588 1936 1614 1976 1.
1678 1935 1794 1976 Tan-

161 2013 339 2054 tundem
379 2025 479 2065 ergo
519 2013 676 2053 meruit
714 2013 806 2054 sola
847 2013 1083 2063 voluntate,
1131 2014 1342 2065 quantum
1390 2025 1441 2053 ex
1485 2012 1708 2053 voluntate
1753 2014 1795 2052 et

162 2091 261 2131 actu
293 2089 499 2141 patiendi.

304 2166 372 2206 Ad
411 2166 528 2218 quod
567 2165 761 2215 dicimus,
802 2165 919 2218 quod
964 2165 1276 2206 beatitudinem
1323 2165 1479 2205 meruit
1523 2177 1609 2205 non
1654 2164 1793 2205 solum
1815 2180 1846 2203 2:

163 2255 213 2282 ex
246 2241 430 2283 volendo
464 2242 567 2294 pati,
602 2242 677 2283 sed
711 2242 840 2283 etiam
876 2255 926 2283 ex
958 2242 1177 2294 patiendo,
1220 2242 1321 2294 quia
1354 2241 1463 2283 sicut
1494 2241 1589 2294 plus
1632 2243 1794 2293 peccat,

163 2317 234 2370 qui
268 2318 359 2358 vult
391 2319 554 2360 malum
589 2321 630 2359 et
663 2318 776 2369 facit,
810 2331 941 2371 quam
977 2319 1049 2371 qui
1080 2318 1356 2359 solummodo
1384 2318 1474 2358 vult
1502 2320 1543 2359 et
1570 2331 1655 2358 non
1683 2317 1793 2366 facit,

163 2393 222 2434 ita
254 2394 405 2435 melius
440 2396 656 2447 operatur,
692 2394 765 2446 qui
797 2395 888 2435 vult
921 2395 1083 2435 bonum
1118 2397 1158 2436 et
1193 2394 1305 2444 facit,
1349 2407 1479 2446 quam
1514 2394 1584 2446 qui
1626 2393 1716 2434 vult
1755 2395 1796 2434 et

161 2483 249 2511 non
282 2470 393 2512 facit.
459 2470 545 2512 Sed
578 2471 753 2524 quando
786 2470 1019 2512 invenitur:
1067 2470 1170 2512 Sola
1216 2471 1415 2511 voluntas
1459 2472 1660 2520 meretur,
1704 2470 1794 2510 sola

306 2598 321 2631 1
356 2596 514 2631 merendi
542 2599 584 2630 A.
701 2596 722 2630 2
755 2595 829 2640 qui]
863 2596 955 2641 quod
984 2598 1026 2630 A.
1154 2597 1177 2630 4
1208 2596 1366 2630 merendi
1398 2598 1531 2639 scripsi
1557 2596 1636 2629 AB
1661 2595 1795 2630 tuendi.

164 2656 206 2690 10
231 2656 301 2690 fuit
327 2668 391 2690 om.
408 2658 450 2690 B.
550 2657 593 2690 14
619 2656 689 2698 vel]
717 2667 781 2689 nec
796 2658 838 2690 A.
940 2657 982 2690 15
1009 2658 1065 2690 est
1085 2668 1148 2689 oni.
1166 2657 1206 2690 Β.
1308 2655 1349 2689 18
1379 2657 1492 2689 Locus
1513 2661 1703 2698 coi-ruptus
1723 2667 1798 2689 esse

161 2717 312 2751 videbor.
363 2717 534 2749 Fortasse
561 2717 744 2759 leyendnm
771 2720 836 2749 est:
863 2715 906 2749 ad
933 2715 1004 2749 alia
1030 2714 1115 2748 ferri
1144 2717 1165 2748 ἰ.
1192 2727 1218 2749 e.
1245 2717 1459 2758 sapientiam
1486 2720 1587 2757 atque
1612 2717 1796 2747 scientiam

162 2776 209 2808 ad
234 2776 311 2808 ((Ζὶα
338 2777 427 2816 (scil.
455 2775 596 2814 obiecta)
622 2776 718 2817 ferri
738 2786 842 2817 posse
867 2788 937 2808 uon
962 2777 1111 2818 neyamtt.
1208 2774 1250 2808 21
1280 2786 1325 2807 ex
1339 2786 1402 2807 om.
1421 2776 1462 2807 Β.
1560 2774 1604 2807 26
1631 2773 1794 2814 volendo]

162 2833 347 2868 voluntate
358 2836 400 2868 Β.
478 2834 586 2868 etiam
606 2846 670 2868 om.
684 2835 727 2869 Β.
801 2834 845 2867 27
867 2845 973 2878 quam
1000 2834 1072 2878 qui]
1101 2833 1131 2868 si
1154 2836 1196 2869 A.

305 2935 316 2953 ¹
342 2935 442 2970 Haec
473 2938 530 2970 est
559 2937 740 2971 sententia
771 2936 1029 2980 Abaelardi3
1063 2936 1108 2972 cf.
1146 2935 1356 2974 Deutsch,
1391 2938 1490 2970 Peter
1516 2937 1708 2980 Abaelaml,
1741 2938 1795 2969 ein

162 2997 353 3029 kritischer
391 2997 560 3038 Theoloye
592 2997 651 3029 des
684 2998 774 3031 XII.
807 2997 1088 3030 Jahrhimderts.
1140 2995 1287 3039 Leipzig
1322 2995 1412 3028 1884
1443 3006 1476 3039 p.
1504 2994 1571 3028 343
1599 3006 1688 3038 sqq„
1716 2994 1796 3039 378,

162 3056 324 3097 Epitome
361 3056 552 3097 theoloyessae
590 3066 619 3089 c.
646 3055 700 3089 34.
739 3054 819 3097 (PL.
849 3055 926 3096 178,
957 3055 1047 3089 1754
1075 3053 1130 3095 C),
1168 3053 1412 3088 Abaelardi
1452 3054 1579 3087 Ethica
1607 3065 1635 3089 c.
1665 3054 1683 3086 7
1714 3053 1796 3095 (PL,

165 3112 241 3154 178,
269 3113 338 3148 650
365 3112 391 3147 C
418 3112 474 3153 D).

252 3178 425 3211 Beitriige
445 3178 505 3209 vn,
525 3178 603 3203 2—3.
642 3179 771 3211 Geyer,
792 3179 870 3204 Seni.
891 3178 1003 3204 divinit.
1644 3167 1661 3207 s

1816 1037 1847 1061 10

1814 1795 1848 1820 20
