2106 3453
316 1046 348 1071 10

318 1424 349 1449 15

366 242 457 279 112*
961 240 1168 278 Sententiae
1195 241 1407 278 divinitatis.

364 349 628 401 baptizetur:
664 350 710 388 In
745 347 918 388 nomine
944 347 1084 388 Patris
1117 349 1158 388 et
1191 347 1282 388 Filii
1316 350 1357 389 et
1389 347 1572 399 Spiritus
1605 348 1754 388 sancti.
1806 347 1849 388 Si
1883 347 1995 388 enim

365 424 487 466 aliter
518 424 579 474 fit,
615 424 850 465 efficaciam
886 426 927 464 et
965 423 1261 464 remissionem
1295 437 1381 464 non
1417 423 1609 464 confert‘.
1661 423 1786 464 Item
1817 423 1997 463 Hiero-

365 513 543 553 nymus
588 512 742 552 super
784 498 942 540 Naum
989 499 1342 551 prophetam1:
1390 499 1602 551 Quicquid
1646 499 1694 539 fit
1739 499 1780 539 in
1826 499 1999 539 nomine

366 576 492 616 unius
526 578 567 617 et
599 588 685 616 non
719 574 761 615 in
794 574 969 615 nomine
995 575 1137 624 trium,
1172 588 1258 615 non
1285 575 1412 616 valet.
1466 575 1573 625 Ergo
1601 574 1634 614 si
1655 574 1732 614 fiat
1757 574 1999 626 baptismus

366 653 406 693 in
440 651 615 693 nomine
646 651 786 692 Patris
819 653 861 691 et
895 650 986 691 Filii
1019 653 1187 692 tantum
1223 653 1265 691 et
1303 663 1388 691 non
1428 651 1469 691 in
1513 650 1687 691 nomine
1724 650 1868 700 trium,
1913 662 1998 690 non

365 729 492 770 valet.

508 804 593 845 Sed
618 804 829 856 probatur
855 805 1024 844 contra:
1052 802 1163 844 Dicit
1189 802 1436 855 Stephanus
1463 802 1503 843 in
1531 801 1746 844 Actibus
1774 801 2000 854 Aposto-

366 881 551 930 lorum,
598 879 714 932 quod
753 878 951 931 Apostoli
992 878 1327 931 baptizaverunt
1368 878 1511 931 plures
1550 878 1591 918 in
1632 877 1805 918 nomine
1844 876 2001 918 Christi

369 956 476 1009 (Act.
510 956 550 1007 8,
576 955 661 1009 12),
709 957 750 995 et
781 954 1000 995 Johannes
1045 953 1203 994 multos
1244 953 1479 1006 baptizavit
1519 953 1562 994 in
1604 952 1777 994 nomine
1818 951 2001 1002 venturi,

369 1031 440 1083 qui
473 1032 625 1083 postea
658 1029 865 1082 baptizati
899 1042 985 1069 non
1019 1031 1131 1078 sunt,
1166 1028 1240 1069 sed
1274 1041 1351 1081 per
1376 1042 1531 1070 manus
1558 1028 1877 1081 impositionem
1903 1030 2003 1068 sunt

369 1105 610 1147 confirmati
638 1106 833 1159 (Act.19,
857 1106 875 1145 1
896 1104 1013 1159 sqq).
1065 1104 1156 1145 Hoc
1189 1104 1302 1145 idem
1335 1104 1504 1145 videtur
1536 1104 1642 1145 velle
1669 1103 1968 1144 Ambrosius
1987 1105 2001 1128 ‘2

369 1196 497 1235 super
516 1182 657 1222 locum
685 1181 802 1222 illum
831 1181 873 1221 in
896 1180 1109 1221 Actibus
1132 1180 1522 1232 Apostolorum,
1551 1180 1667 1232 quod
1692 1179 1933 1232 baptismus
1960 1179 2000 1219 in

368 1259 543 1300 nomine
565 1258 722 1300 Christi
749 1258 886 1299 factus
913 1257 1208 1299 remissionem
1238 1258 1401 1298 confert
1427 1260 1703 1310 peccatorum
1729 1257 1999 1310 (Act.8,12).

370 1335 564 1376 Christus
598 1335 710 1376 enim
745 1334 1072 1386 interpretatur:
1120 1334 1296 1375 Unctus.
1360 1334 1441 1383 Qui
1474 1347 1574 1374 vero
1608 1334 1794 1385 ungitur,
1832 1336 2002 1385 oportet

371 1414 417 1452 ut
450 1412 502 1452 de
535 1411 678 1464 aliquo
714 1414 755 1451 et
787 1411 842 1452 ab
875 1411 1020 1463 aliquo
1054 1412 1257 1461 ungatur;
1297 1410 1624 1461 sedinungitur
1657 1423 1682 1451 a
1714 1410 1845 1451 Patre
1878 1412 1919 1450 et
1952 1410 2004 1451 de

370 1487 531 1540 Spiritu
559 1489 723 1528 sanctO.
776 1487 885 1538 Ergo
913 1486 955 1526 in
984 1486 1063 1526 hoc
1091 1486 1264 1526 nomine
1292 1486 1514 1535 ,Christus‘
1543 1489 1636 1527 tota
1663 1486 1852 1526 Trinitas
1878 1486 2002 1526 intel-

370 1564 524 1616 ligitur.
590 1563 698 1614 Erg‘o
743 1563 815 1615 qui
858 1562 1102 1614 baptizatur
1146 1562 1188 1602 in
1239 1563 1413 1602 nomine
1458 1561 1629 1611 Christi,
1676 1562 1918 1614 baptizatur
1963 1561 2004 1601 in

371 1639 545 1681 nomine
578 1639 718 1680 Patris
752 1641 792 1679 et
826 1637 916 1678 Filii
951 1640 992 1678 et
1024 1637 1206 1689 Spiritus
1239 1638 1389 1679 sancti.

513 1715 597 1771 Sed
620 1714 1019 1756 accommodandae
1040 1715 1139 1754 sunt
1166 1713 1445 1754 auctoritates
1469 1713 1574 1755 istae
1602 1713 1657 1753 illi
1679 1713 1876 1766 tempori,
1899 1726 2006 1765 quo-

318 1808 333 1832 2
374 1792 486 1833 niam
537 1791 726 1831 nondum
775 1790 888 1831 facta
933 1789 998 1831 vel
1040 1789 1210 1842 prolata
1253 1791 1344 1830 erat
1387 1789 1717 1831 istainstitutio
1758 1803 1782 1830 a
1822 1789 2005 1829 Domino

372 1867 597 1919 imperata,
645 1868 685 1907 et
718 1865 777 1906 ita
813 1865 940 1905 modo
975 1865 1237 1906 credendum
1272 1868 1348 1913 est,
1396 1864 1511 1917 quod
1545 1865 1625 1905 nisi
1656 1865 1732 1906 fiat
1765 1865 2006 1917 baptismus

373 1945 414 1984 in
450 1944 587 1984 forma
620 1942 689 1983 illa
725 1955 855 1994 quam
887 1941 1095 1982 Dominus
1129 1941 1259 1991 dedIt,
1294 1941 1448 1982 nullius
1477 1941 1691 1983 efficaciae
1719 1944 1794 1983 est.
1852 1941 2007 1982 Sacra-

374 2022 519 2061 menta
551 2031 741 2071 namque
781 2032 831 2073 ex
864 2018 1130 2058 institutione
1171 2018 1359 2059 maxime
1399 2017 1631 2059 efficaciam
1674 2017 1935 2058 contrahunt
1968 2019 2009 2058 et

374 2110 424 2137 eo
470 2096 619 2136 ordine
665 2094 824 2135 debent
867 2094 1059 2146 proferri,
1111 2093 1219 2134 sicut
1263 2094 1471 2134 Dominus
1515 2093 1717 2145 prodidit,
1764 2093 1921 2135 scilicet
1964 2093 2007 2133 in

320 2187 354 2211 ‘25
375 2171 549 2213 nomine
582 2170 722 2212 Patris
767 2170 839 2222 qui
878 2183 903 2210 a
942 2169 1058 2210 nullo
1099 2172 1174 2219 est,
1223 2172 1261 2210 et
1302 2169 1341 2209 in
1382 2169 1557 2210 nomine
1589 2169 1679 2209 Filii
1713 2169 1785 2221 qui
1824 2183 1849 2210 a
1882 2168 2010 2210 Patre

323 2571 357 2596 30

375 2248 544 2299 genitus
577 2250 653 2297 est,
688 2248 729 2288 et
761 2246 802 2286 in
837 2245 1010 2287 nomine
1044 2246 1228 2298 Spiritus
1261 2245 1397 2286 sancti
1438 2245 1509 2297 qui
1552 2245 1606 2285 ab
1645 2248 1828 2297 utroque
1861 2258 2011 2297 proce-

374 2324 450 2366 dit.
525 2323 657 2374 Igitur
700 2322 735 2363 si
780 2322 966 2364 dicatur:
1014 2322 1060 2362 ln
1106 2321 1281 2362 nomine
1322 2321 1409 2362 Filii
1458 2324 1498 2362 et
1537 2321 1690 2371 Patris,
1737 2320 2010 2361 confunditur

375 2401 495 2451 ordo,
536 2399 659 2452 quasi
691 2399 820 2439 Pater
858 2398 1065 2451 procedat
1097 2411 1123 2439 a
1157 2398 1274 2447 Filio,
1321 2401 1361 2439 et
1401 2401 1501 2438 tunc
1542 2401 1860 2439 sacramentum
1895 2398 2011 2437 caret

378 2476 580 2519 efficacia.

518 2552 568 2592 Et
601 2550 858 2600 notandum,
905 2549 1021 2602 quod
1054 2563 1138 2590 non
1173 2549 1278 2590 dixit
1310 2549 1351 2590 in
1384 2549 1629 2590 nominibus
1663 2548 1802 2590 Patris
1845 2550 1886 2589 et
1919 2548 2011 2589 Filii

377 2631 419 2669 et
457 2628 642 2680 Spiritus
687 2626 839 2677 sancti,
885 2626 960 2668 sed
1006 2626 1047 2666 in
1093 2626 1266 2666 nomine
1307 2625 1446 2666 Patris
1479 2627 1557 2666 etc.
1635 2624 1776 2665 Unum
1822 2637 2011 2676 namque

520 2759 540 2792 2
568 2758 617 2792 ita
645 2759 687 2791 Β.
809 2758 828 2791 5
856 2757 976 2790 Patris
1002 2760 1141 2791 tantum
1168 2757 1225 2791 vel
1252 2756 1331 2790 Filii
1360 2759 1396 2790 et
1422 2768 1488 2790 non
1523 2759 1561 2791 l'.
1660 2756 1680 2789 6
1707 2767 1774 2790 non
1802 2757 1857 2789 est
1883 2755 2013 2799 baptis—

378 2830 457 2852 mus
473 2821 514 2853 Β.
617 2818 657 2851 15
685 2817 732 2859 et]
749 2816 806 2850 vel
828 2823 867 2851 Α.
967 2816 1010 2850 20
1045 2817 1114 2850 ista
1129 2828 1193 2851 om.
1214 2819 1253 2852 B.
1351 2816 1393 2849 21
1422 2828 1490 2849 non
1523 2816 1593 2849 fuit
1608 2818 1649 2849 A.
1748 2815 1791 2848 25
1819 2815 1902 2858 quia
1916 2814 2011 2848 nullo

378 2878 481 2911 modo
508 2880 564 2912 est
592 2878 632 2912 R.
730 2876 814 2921 quia
839 2888 860 2911 a
889 2878 930 2911 B.

523 2991 532 3009 ¹
560 2991 627 3026 Hic
661 2991 760 3025 locus
792 3003 861 3025 non
894 2990 1076 3025 invenitur
1101 2990 1136 3024 in
1163 2991 1350 3025 comment.
1394 2988 1444 3024 St.
1473 2988 1728 3033 Hieronymi
1766 2999 1872 3032 super
1897 2986 2011 3021 Naum

379 3051 461 3096 (PL.
490 3051 546 3092 25,
569 3050 829 3093 1231—1272).

523 3109 535 3127 '²
561 3110 605 3145 cf.
633 3121 661 3144 c.
688 3110 743 3145 24.
772 3110 803 3144 d.
830 3111 863 3144 4.
891 3109 933 3142 de
959 3121 1054 3144 cons.
1082 3108 1277 3142 Ambros.
1308 3110 1358 3141 De
1383 3109 1527 3150 Spiritu
1552 3112 1672 3140 semeio
1698 3107 1724 3147 I,
1753 3107 1783 3140 3.
