2106 3453
455 229 645 266 Tractatus
671 229 731 267 VI.
784 227 835 264 De
861 227 1048 264 divinitate
1075 231 1110 262 et
1135 225 1322 262 Trinitate.
1614 222 1706 260 163*

220 334 343 377 Nune
376 348 477 377 vero
511 335 564 377 de
595 334 865 377 naturalibus
898 334 954 375 ad
986 332 1228 383 theologica
1259 334 1547 381 transeamus,
1590 329 1707 370 simi-

84 411 179 453 liter
211 411 485 463 assignando,
519 411 635 463 quod
668 411 883 463 quaedam
916 410 1157 462 proprietas
1190 410 1254 450 est
1285 420 1496 461 personae
1539 409 1580 448 et
1621 419 1707 447 non

81 487 322 540 personalis
354 490 395 528 et
428 487 645 540 quaedam
677 500 890 539 personae
923 489 966 527 et
997 485 1248 538 personalis.
1312 484 1527 525 Personae
1555 485 1595 524 et
1621 495 1706 523 non

79 564 334 617 personalis,
377 563 500 604 sicuti
541 563 741 604 divinitas
783 576 894 616 quae
926 562 1118 603 omnium
1152 573 1434 613 personarum
1468 558 1709 600 eommunis

81 642 158 682 est.
222 639 341 680 Sicut
375 639 486 681 enim
520 639 745 681 divinitate
770 639 900 680 Pater
927 640 990 679 est
1017 638 1144 682 Deus,
1178 638 1237 678 ita
1264 637 1455 687 singulae
1481 648 1705 688 personae.

80 716 326 757 Personalis
368 716 610 769 proprietas
653 718 717 757 est
760 715 1013 768 paternitas⁸
1057 714 1219 763 filiatio,
1262 712 1440 754 conexio
1472 712 1708 763 utriusque.

81 793 192 834 Nam
226 793 465 846 paternitas
498 793 598 834 facit
630 792 803 834 Patrem
838 792 1008 832 differre
1040 805 1064 832 a
1100 791 1218 841 Filio,
1252 792 1294 831 et
1325 790 1384 831 sie
1426 789 1479 830 de
1520 788 1709 840 singulis.

83 871 132 911 Et
164 884 219 911 ne
252 870 488 912 abhorreas
522 870 616 920 hoe,
659 870 831 911 Patrem
866 869 1036 910 differre
1067 882 1093 911 a
1127 868 1231 909 Filio
1263 867 1479 920 personali
1518 865 1709 919 proprie-

83 950 184 989 tate.
249 947 376 997 Nam,
412 950 459 988 ut
493 947 591 988 dicit
626 946 967 998 Augustinus,
1001 945 1130 988 Pater
1171 944 1311 986 dissert
1351 958 1376 987 a
1418 943 1523 985 Filio
1564 955 1711 996 perso-

83 1025 171 1066 nali
203 1025 486 1078 proprietate.
549 1025 656 1065 Item
684 1024 1022 1075 Augustinus:
1068 1022 1311 1064 Paternitas
1350 1023 1415 1063 est
1450 1021 1560 1062 illius
1595 1022 1711 1062 eate-

82 1102 241 1155 goriae,
275 1116 387 1155 quae
420 1105 484 1143 est
516 1102 571 1143 ad
604 1101 767 1155 aliquid
799 1101 964 1144 relatio.
1028 1100 1141 1150 Quid
1185 1102 1331 1142 autem
1376 1099 1432 1140 sit
1474 1099 1624 1140 relatio
1670 1097 1711 1137 in

84 1179 191 1232 ipso,
219 1180 314 1222 sciri
341 1193 427 1221 non
453 1182 609 1232 potest.
661 1179 735 1220 Est
761 1179 874 1220 enim
901 1192 1031 1232 super
1056 1190 1227 1219 omnem
1255 1177 1524 1227 relationem,
1550 1175 1712 1227 volavit,

83 1258 231 1297 volavit
262 1270 385 1310 super
413 1270 574 1310 pennas
606 1260 818 1297 ‘ventormn
853 1256 940 1310 (Ps.
976 1257 1044 1308 17,
1064 1256 1148 1309 11).

632 1419 686 1457 II.
716 1419 772 1458 De
801 1418 984 1469 personis
1014 1417 1172 1456 divinis.

206 1509 242 1549 1.
289 1508 430 1549 Nunc
464 1507 738 1550 videndum
773 1511 862 1559 est,
897 1507 1016 1561 quid
1049 1507 1114 1548 sit
1146 1519 1366 1560 persona
1400 1509 1448 1548 et
1479 1506 1611 1547 unde
1638 1506 1713 1547 di-
1752 1521 1767 1546 5

84 1588 241 1627 catur.
304 1585 495 1628 Persona
529 1588 592 1627 est
624 1585 891 1627 rationabilis
924 1585 1170 1626 substantia
1198 1584 1445 1625 individuae
1483 1586 1666 1626 naturae
1686 1585 1712 1626 ¹.

84 1663 379 1706 Substantiam
423 1663 545 1716 ponit
588 1663 643 1704 ad
688 1663 971 1704 remotionem
1007 1662 1312 1711 accidentiuim
1358 1661 1614 1704 rationalem
1659 1662 1713 1703 ad

85 1741 371 1782 remotionem
415 1740 622 1794 lapidum.
695 1740 950 1782 individuae
994 1742 1190 1790 naturae,
1236 1739 1278 1780 id
1325 1742 1388 1780 est
1432 1739 1536 1780 nulli
1581 1738 1714 1780 unita,

86 1818 169 1860 Per
199 1818 280 1860 hoc
312 1831 398 1859 non
433 1820 681 1859 removetur
711 1813 858 1859 anima
890 1830 1030 1870 neque
1062 1817 1253 1868 angelus,
1288 1816 1389 1869 quia
1420 1816 1566 1858 anima
1597 1818 1716 1869 post-

87 1909 217 1949 quam
253 1895 338 1937 exit
383 1909 407 1937 a
447 1909 640 1949 corpore,
679 1895 783 1936 nulli
825 1895 945 1936 unita
985 1898 1060 1936 est.
1124 1895 1176 1935 Et
1216 1894 1312 1936 ideo
1354 1896 1402 1935 ut
1438 1896 1750 1935 removeatur:

87 1973 233 2015 anima
254 1973 319 2014 vel
347 1973 538 2024 angelus,
560 1973 620 2014 sic
643 1975 884 2026 exponatur
905 1971 1165 2021 ,individuae
1186 1974 1399 2022 naturae‘,
1422 1970 1463 2011 id
1484 1974 1567 2012 est:
1596 1970 1716 2011 euius

87 2051 330 2104 proprietas
362 2052 421 2092 ita
454 2053 518 2091 est
556 2049 660 2101 eius,
702 2050 819 2102 quod
861 2063 946 2091 non
989 2049 1182 2099 alterius3
1226 2049 1301 2090 sed
1342 2048 1584 2101 proprietas
1624 2047 1716 2089 ani-

87 2141 186 2170 mae
218 2130 282 2169 est
323 2128 426 2178 eius,
469 2127 512 2168 id
545 2129 610 2169 est
640 2127 840 2177 hominis,
883 2127 1003 2168 euius
1044 2126 1136 2180 ipsa
1179 2129 1255 2167 est.
1321 2125 1394 2166 Vel
1434 2138 1620 2178 persona
1652 2127 1717 2165 est

88 2218 156 2246 res
198 2205 433 2256 rationalis,
478 2205 598 2246 euius
639 2205 768 2257 plena
810 2206 852 2245 et
892 2204 1058 2255 integra
1101 2203 1344 2257 proprietas
1388 2203 1429 2243 in
1475 2201 1591 2243 nullo
1632 2201 1716 2243 alio

87 2283 264 2336 reperiri
293 2285 438 2336 potest
451 2285 478 2323 2.

233 2409 249 2444 1
278 2408 495 2452 theologiam
529 2410 580 2443 W.
693 2408 713 2441 2
740 2407 978 2452 proprietates
1004 2408 1098 2441 sunt.
1151 2405 1215 2440 Est
1236 2434 1243 2441 .
1265 2432 1272 2440 .
1295 2432 1302 2439 .
1330 2407 1381 2438 W.
1486 2404 1506 2437 5
1532 2414 1716 2448 personae.

90 2468 294 2503 Personalis
321 2471 365 2503 W
389 2479 560 2513 personae
586 2467 787 2512 personalis
813 2469 845 2501 A
866 2469 909 2501 B.
1066 2466 1087 2499 6
1114 2465 1240 2499 filiatio
1267 2464 1438 2499 connexio
1465 2464 1648 2506 utriusque
1677 2464 1721 2496 W

90 2528 153 2563 filii
179 2540 341 2562 connexa
367 2530 398 2562 A
418 2530 461 2564 R.
545 2527 679 2562 10—11
713 2526 963 2570 cathegorie-ae
991 2528 1033 2560 A.
1116 2526 1155 2560 11
1185 2524 1230 2559 ad
1256 2524 1412 2568 aliquam
1439 2522 1648 2557 relationem
1676 2524 1718 2557 A.

92 2589 134 2622 15
161 2587 266 2629 unde]
293 2599 403 2632 quare
428 2589 471 2622 B.
570 2587 614 2621 23
640 2587 675 2621 id
701 2588 756 2621 est
783 2598 847 2621 om.
877 2587 917 2621 Β.

235 2701 247 2719 ¹
273 2700 501 2743 Boethius,
530 2702 639 2735 Liber
663 2703 705 2734 cle
729 2712 804 2735 una
824 2712 922 2744 pers‘.
949 2705 978 2733 et
1005 2700 1109 2733 duab.
1136 2704 1209 2734 nat.
1245 2697 1326 2738 (PL.
1354 2697 1408 2737 64,
1440 2696 1529 2730 1343
1544 2694 1599 2734 C):
1640 2694 1719 2727 Per-

93 2772 180 2796 sona
205 2763 261 2795 est
285 2762 434 2795 naturae
459 2760 647 2795 rationalis
671 2759 855 2794 individua
881 2759 1092 2793 substantia.
1145 2758 1189 2791 cf.
1217 2759 1280 2791 SS.
1306 2757 1333 2799 I,
1352 2756 1372 2789 9
1401 2755 1457 2798 (56
1475 2755 1531 2796 A):
1563 2754 1720 2788 Persona

95 2823 150 2854 est
175 2819 362 2855 rationalis
387 2819 609 2854 substantiae
636 2819 819 2853 individua
844 2820 984 2853 natura.

237 2890 249 2908 ²
275 2890 459 2925 Gilbert.
498 2890 566 2925 PL.
596 2890 685 2924 1373
702 2891 746 2924 A:
798 2889 852 2923 Ex
891 2889 947 2924 his
973 2900 1058 2932 ergo
1084 2887 1307 2931 intelligitur,
1343 2886 1427 2930 quia
1451 2895 1603 2930 persona
1630 2883 1716 2918 adeo

95 2952 150 2985 est
181 2962 245 2995 per
275 2962 314 2985 se
345 2961 425 2990 uua,
461 2949 554 2994 quod
586 2949 662 2984 eius
694 2951 771 2983 tota
804 2949 1005 2994 proprietas
1038 2947 1125 2981 nulli
1160 2957 1304 2992 prorsus
1339 2945 1533 2979 secundum
1569 2955 1606 2977 se
1642 2945 1718 2976 tota

94 3009 327 3044 similitudine
358 3009 510 3044 conferri
541 3010 670 3053 potest,
702 3008 790 3042 nulli
822 3008 865 3042 ad
897 3006 1183 3042 constituendum
1216 3004 1437 3050 personalem
1464 3003 1718 3048 proprietatem

96 3068 273 3112 coniungi.

1535 3120 1581 3162 l*

1732 1030 1766 1056 10
