<?xml version="1.0" encoding="UTF-8"?>
<!DOCTYPE html PUBLIC "-//W3C//DTD XHTML 1.0 Transitional//EN"
    "http://www.w3.org/TR/xhtml1/DTD/xhtml1-transitional.dtd">
<html xmlns="http://www.w3.org/1999/xhtml" xml:lang="en" lang="en">
 <head>
  <title>
</title>
<meta http-equiv="Content-Type" content="text/html;charset=utf-8" />
  <meta name='ocr-system' content='tesseract 3.04.00' />
  <meta name='ocr-capabilities' content='ocr_page ocr_carea ocr_par ocr_line ocrx_word'/>
</head>
<body>
  <div class='ocr_page' id='page_1' title='image "./diesententiaediv00geye_0097.png"; bbox 0 0 2106 3453; ppageno 0'>
   <div class='ocr_carea' id='block_1_1' title="bbox 295 215 1774 262">
    <p class='ocr_par' dir='ltr' id='par_1_1' title="bbox 295 215 1774 262">
     <span class='ocr_line' id='line_1_1' title="bbox 295 215 1774 262; baseline -0.001 -10"><span class='ocrx_word' id='word_1_1' title='bbox 295 216 487 254; x_wconf 82' lang='lat' dir='ltr'>Tractatus</span> <span class='ocrx_word' id='word_1_2' title='bbox 512 216 556 254; x_wconf 81' lang='grc' dir='ltr'>ΙΙ.</span> <span class='ocrx_word' id='word_1_3' title='bbox 607 215 659 252; x_wconf 89' lang='lat' dir='ltr'>De</span> <span class='ocrx_word' id='word_1_4' title='bbox 687 215 865 253; x_wconf 73' lang='lat' dir='ltr'>creatione</span> <span class='ocrx_word' id='word_1_5' title='bbox 893 216 995 262; x_wconf 88' lang='lat' dir='ltr'>primi</span> <span class='ocrx_word' id='word_1_6' title='bbox 1023 216 1177 252; x_wconf 87' lang='lat' dir='ltr'>hominis</span> <span class='ocrx_word' id='word_1_7' title='bbox 1203 220 1239 252; x_wconf 83' lang='lat' dir='ltr'>et·</span> <span class='ocrx_word' id='word_1_8' title='bbox 1266 216 1307 252; x_wconf 87' lang='lat' dir='ltr'>de</span> <span class='ocrx_word' id='word_1_9' title='bbox 1333 215 1444 252; x_wconf 85' lang='lat' dir='ltr'>libero</span> <span class='ocrx_word' id='word_1_10' title='bbox 1471 216 1627 253; x_wconf 83' lang='lat' dir='ltr'>arbitrio.</span> <span class='ocrx_word' id='word_1_11' title='bbox 1705 215 1774 252; x_wconf 62' lang='lat'>19²³*</span> 
     </span>
    </p>
   </div>
   <div class='ocr_carea' id='block_1_2' title="bbox 139 322 1787 2534">
    <p class='ocr_par' dir='ltr' id='par_1_2' title="bbox 139 322 1776 595">
     <span class='ocr_line' id='line_1_2' title="bbox 282 322 1775 373; baseline -0.001 -9"><span class='ocrx_word' id='word_1_12' title='bbox 282 323 311 364; x_wconf 87' lang='lat' dir='ltr'>l.</span> <span class='ocrx_word' id='word_1_13' title='bbox 347 323 463 364; x_wconf 83' lang='lat' dir='ltr'>Fecit</span> <span class='ocrx_word' id='word_1_14' title='bbox 486 323 598 364; x_wconf 90' lang='lat' dir='ltr'>Deus</span> <span class='ocrx_word' id='word_1_15' title='bbox 620 322 837 363; x_wconf 84' lang='lat' dir='ltr'>hominem</span> <span class='ocrx_word' id='word_1_16' title='bbox 862 323 918 364; x_wconf 90' lang='lat' dir='ltr'>ad</span> <span class='ocrx_word' id='word_1_17' title='bbox 948 322 1218 373; x_wconf 76' lang='lat' dir='ltr'>imaginem</span> <span class='ocrx_word' id='word_1_18' title='bbox 1253 324 1300 362; x_wconf 88' lang='lat' dir='ltr'>et</span> <span class='ocrx_word' id='word_1_19' title='bbox 1330 322 1727 363; x_wconf 88' lang='lat' dir='ltr'>similitudinem</span> <span class='ocrx_word' id='word_1_20' title='bbox 1747 323 1775 371; x_wconf 79' lang='lat'>1,</span> 
     </span>
     <span class='ocr_line' id='line_1_3' title="bbox 139 399 1774 453; baseline -0.002 -12"><span class='ocrx_word' id='word_1_21' title='bbox 139 401 297 442; x_wconf 86' lang='lat' dir='ltr'>scilicet</span> <span class='ocrx_word' id='word_1_22' title='bbox 350 400 446 453; x_wconf 89' lang='lat' dir='ltr'>plus</span> <span class='ocrx_word' id='word_1_23' title='bbox 490 402 554 440; x_wconf 90' lang='lat' dir='ltr'>est</span> <span class='ocrx_word' id='word_1_24' title='bbox 599 400 836 441; x_wconf 85' lang='lat' dir='ltr'>secundum</span> <span class='ocrx_word' id='word_1_25' title='bbox 879 399 1126 451; x_wconf 77' lang='lat' dir='ltr'>imaginem,</span> <span class='ocrx_word' id='word_1_26' title='bbox 1170 411 1301 450; x_wconf 85' lang='lat' dir='ltr'>quam</span> <span class='ocrx_word' id='word_1_27' title='bbox 1347 399 1582 439; x_wconf 82' lang='lat' dir='ltr'>secundum</span> <span class='ocrx_word' id='word_1_28' title='bbox 1628 399 1774 439; x_wconf 90' lang='lat' dir='ltr'>simili-</span> 
     </span>
     <span class='ocr_line' id='line_1_4' title="bbox 141 475 1776 529; baseline -0.001 -11"><span class='ocrx_word' id='word_1_29' title='bbox 141 478 350 518; x_wconf 88' lang='lat' dir='ltr'>tudinem.</span> <span class='ocrx_word' id='word_1_30' title='bbox 414 477 562 529; x_wconf 90' lang='lat' dir='ltr'>Imago</span> <span class='ocrx_word' id='word_1_31' title='bbox 596 479 660 518; x_wconf 89' lang='lat' dir='ltr'>est</span> <span class='ocrx_word' id='word_1_32' title='bbox 693 489 895 528; x_wconf 81' lang='lat' dir='ltr'>expressa</span> <span class='ocrx_word' id='word_1_33' title='bbox 929 476 1167 517; x_wconf 79' lang='lat' dir='ltr'>similitudo</span> <span class='ocrx_word' id='word_1_34' title='bbox 1195 475 1269 526; x_wconf 90' lang='lat' dir='ltr'>rei,</span> <span class='ocrx_word' id='word_1_35' title='bbox 1297 475 1531 516; x_wconf 78' lang='lat' dir='ltr'>similitudo</span> <span class='ocrx_word' id='word_1_36' title='bbox 1559 476 1776 528; x_wconf 86' lang='lat' dir='ltr'>quaelibet</span> 
     </span>
     <span class='ocr_line' id='line_1_5' title="bbox 140 554 389 595; baseline -0.004 0"><span class='ocrx_word' id='word_1_37' title='bbox 140 554 389 595; x_wconf 84' lang='lat' dir='ltr'>similitudo.</span> 
     </span>
    </p>

    <p class='ocr_par' dir='ltr' id='par_1_3' title="bbox 141 630 1785 2226">
     <span class='ocr_line' id='line_1_6' title="bbox 283 630 1778 682; baseline -0.001 -11"><span class='ocrx_word' id='word_1_38' title='bbox 283 631 442 672; x_wconf 84' lang='lat' dir='ltr'>Factus</span> <span class='ocrx_word' id='word_1_39' title='bbox 488 634 552 672; x_wconf 87' lang='lat' dir='ltr'>est</span> <span class='ocrx_word' id='word_1_40' title='bbox 596 631 724 682; x_wconf 87' lang='lat' dir='ltr'>igitur</span> <span class='ocrx_word' id='word_1_41' title='bbox 768 631 899 671; x_wconf 89' lang='lat' dir='ltr'>homo</span> <span class='ocrx_word' id='word_1_42' title='bbox 952 631 1006 672; x_wconf 90' lang='lat' dir='ltr'>ad</span> <span class='ocrx_word' id='word_1_43' title='bbox 1053 630 1326 681; x_wconf 75' lang='lat' dir='ltr'>imaginem</span> <span class='ocrx_word' id='word_1_44' title='bbox 1374 630 1448 671; x_wconf 87' lang='lat' dir='ltr'>Dei</span> <span class='ocrx_word' id='word_1_45' title='bbox 1494 630 1778 682; x_wconf 84' lang='lat' dir='ltr'>comprehen-</span> 
     </span>
     <span class='ocr_line' id='line_1_7' title="bbox 141 707 1776 761; baseline -0.001 -12"><span class='ocrx_word' id='word_1_46' title='bbox 141 708 328 750; x_wconf 87' lang='lat' dir='ltr'>dendam</span> <span class='ocrx_word' id='word_1_47' title='bbox 362 722 440 761; x_wconf 90' lang='lat' dir='ltr'>per</span> <span class='ocrx_word' id='word_1_48' title='bbox 478 707 823 749; x_wconf 71' lang='lat' dir='ltr'>conformitatem</span> <span class='ocrx_word' id='word_1_49' title='bbox 868 708 909 748; x_wconf 92' lang='lat' dir='ltr'>in</span> <span class='ocrx_word' id='word_1_50' title='bbox 953 721 998 749; x_wconf 89' lang='lat' dir='ltr'>se</span> <span class='ocrx_word' id='word_1_51' title='bbox 1041 707 1308 756; x_wconf 85' lang='lat' dir='ltr'>habendam;</span> <span class='ocrx_word' id='word_1_52' title='bbox 1356 707 1411 748; x_wconf 91' lang='lat' dir='ltr'>ad</span> <span class='ocrx_word' id='word_1_53' title='bbox 1456 707 1776 748; x_wconf 89' lang='lat' dir='ltr'>similitudinem</span> 
     </span>
     <span class='ocr_line' id='line_1_8' title="bbox 143 784 1779 837; baseline -0.002 -10"><span class='ocrx_word' id='word_1_54' title='bbox 143 799 245 827; x_wconf 90' lang='lat' dir='ltr'>vero</span> <span class='ocrx_word' id='word_1_55' title='bbox 273 785 495 827; x_wconf 76' lang='lat' dir='ltr'>Trinitatis</span> <span class='ocrx_word' id='word_1_56' title='bbox 522 786 661 827; x_wconf 81' lang='lat' dir='ltr'>factus</span> <span class='ocrx_word' id='word_1_57' title='bbox 689 787 753 826; x_wconf 89' lang='lat' dir='ltr'>est</span> <span class='ocrx_word' id='word_1_58' title='bbox 781 785 1120 837; x_wconf 72' lang='lat' dir='ltr'>exprimendam.</span> <span class='ocrx_word' id='word_1_59' title='bbox 1188 785 1374 825; x_wconf 82' lang='lat' dir='ltr'>Verbum</span> <span class='ocrx_word' id='word_1_60' title='bbox 1404 784 1457 825; x_wconf 91' lang='lat' dir='ltr'>de</span> <span class='ocrx_word' id='word_1_61' title='bbox 1484 785 1613 825; x_wconf 86' lang='lat' dir='ltr'>corde</span> <span class='ocrx_word' id='word_1_62' title='bbox 1640 785 1779 825; x_wconf 83' lang='lat' dir='ltr'>Patris</span> 
     </span>
     <span class='ocr_line' id='line_1_9' title="bbox 141 862 1778 915; baseline -0.001 -11"><span class='ocrx_word' id='word_1_63' title='bbox 141 866 427 912; x_wconf 78' lang='lat' dir='ltr'>eructuatum,</span> <span class='ocrx_word' id='word_1_64' title='bbox 470 862 587 915; x_wconf 84' lang='lat' dir='ltr'>quod</span> <span class='ocrx_word' id='word_1_65' title='bbox 630 865 695 903; x_wconf 87' lang='lat' dir='ltr'>est</span> <span class='ocrx_word' id='word_1_66' title='bbox 738 863 880 914; x_wconf 88' lang='lat' dir='ltr'>imago</span> <span class='ocrx_word' id='word_1_67' title='bbox 923 863 1065 903; x_wconf 85' lang='lat' dir='ltr'>Patris</span> <span class='ocrx_word' id='word_1_68' title='bbox 1111 875 1422 915; x_wconf 77' lang='lat' dir='ltr'>usquequaque</span> <span class='ocrx_word' id='word_1_69' title='bbox 1467 862 1629 913; x_wconf 87' lang='lat' dir='ltr'>similis,</span> <span class='ocrx_word' id='word_1_70' title='bbox 1676 875 1778 903; x_wconf 86' lang='lat' dir='ltr'>vcn-</span> 
     </span>
     <span class='ocr_line' id='line_1_10' title="bbox 142 939 1779 981; baseline 0 -1"><span class='ocrx_word' id='word_1_71' title='bbox 142 942 287 980; x_wconf 87' lang='lat' dir='ltr'>turum</span> <span class='ocrx_word' id='word_1_72' title='bbox 323 941 414 980; x_wconf 88' lang='lat' dir='ltr'>erat</span> <span class='ocrx_word' id='word_1_73' title='bbox 448 939 489 979; x_wconf 89' lang='lat' dir='ltr'>in</span> <span class='ocrx_word' id='word_1_74' title='bbox 528 940 754 981; x_wconf 90' lang='lat' dir='ltr'>mundum.</span> <span class='ocrx_word' id='word_1_75' title='bbox 819 940 895 980; x_wconf 87' lang='lat' dir='ltr'>Cui</span> <span class='ocrx_word' id='word_1_76' title='bbox 935 939 1123 980; x_wconf 86' lang='lat' dir='ltr'>venienti</span> <span class='ocrx_word' id='word_1_77' title='bbox 1167 939 1297 981; x_wconf 85' lang='lat' dir='ltr'>Pater</span> <span class='ocrx_word' id='word_1_78' title='bbox 1342 939 1422 980; x_wconf 88' lang='lat' dir='ltr'>tria</span> <span class='ocrx_word' id='word_1_79' title='bbox 1468 939 1663 980; x_wconf 87' lang='lat' dir='ltr'>contulit:</span> <span class='ocrx_word' id='word_1_80' title='bbox 1711 952 1779 980; x_wconf 86' lang='lat' dir='ltr'>ra-</span> 
     </span>
     <span class='ocr_line' id='line_1_11' title="bbox 143 1015 1779 1068; baseline -0.001 -11"><span class='ocrx_word' id='word_1_81' title='bbox 143 1017 320 1066; x_wconf 89' lang='lat' dir='ltr'>tionem,</span> <span class='ocrx_word' id='word_1_82' title='bbox 354 1016 636 1066; x_wconf 84' lang='lat' dir='ltr'>voluntatem,</span> <span class='ocrx_word' id='word_1_83' title='bbox 671 1016 1016 1065; x_wconf 80' lang='lat' dir='ltr'>sensualitatem3</span> <span class='ocrx_word' id='word_1_84' title='bbox 1051 1029 1163 1068; x_wconf 83' lang='lat' dir='ltr'>quae</span> <span class='ocrx_word' id='word_1_85' title='bbox 1191 1016 1436 1057; x_wconf 87' lang='lat' dir='ltr'>ordinatam</span> <span class='ocrx_word' id='word_1_86' title='bbox 1470 1019 1511 1056; x_wconf 86' lang='lat' dir='ltr'>et</span> <span class='ocrx_word' id='word_1_87' title='bbox 1544 1015 1779 1057; x_wconf 83' lang='lat' dir='ltr'>maximam</span> 
     </span>
     <span class='ocr_line' id='line_1_12' title="bbox 143 1093 1781 1146; baseline -0.001 -11"><span class='ocrx_word' id='word_1_88' title='bbox 143 1107 295 1146; x_wconf 86' lang='lat' dir='ltr'>pacem</span> <span class='ocrx_word' id='word_1_89' title='bbox 330 1094 371 1134; x_wconf 87' lang='lat' dir='ltr'>in</span> <span class='ocrx_word' id='word_1_90' title='bbox 406 1093 497 1146; x_wconf 88' lang='lat' dir='ltr'>ipso</span> <span class='ocrx_word' id='word_1_91' title='bbox 526 1093 785 1143; x_wconf 88' lang='lat' dir='ltr'>habuerunt,</span> <span class='ocrx_word' id='word_1_92' title='bbox 819 1093 1022 1145; x_wconf 87' lang='lat' dir='ltr'>quoniam</span> <span class='ocrx_word' id='word_1_93' title='bbox 1060 1094 1100 1134; x_wconf 92' lang='lat' dir='ltr'>in</span> <span class='ocrx_word' id='word_1_94' title='bbox 1135 1093 1301 1135; x_wconf 89' lang='lat' dir='ltr'>ratione</span> <span class='ocrx_word' id='word_1_95' title='bbox 1336 1096 1427 1135; x_wconf 90' lang='lat' dir='ltr'>erat</span> <span class='ocrx_word' id='word_1_96' title='bbox 1460 1094 1685 1145; x_wconf 77' lang='lat' dir='ltr'>perspicax</span> <span class='ocrx_word' id='word_1_97' title='bbox 1718 1093 1781 1133; x_wconf 90' lang='lat' dir='ltr'>iu-</span> 
     </span>
     <span class='ocr_line' id='line_1_13' title="bbox 142 1170 1781 1222; baseline -0.001 -11"><span class='ocrx_word' id='word_1_98' title='bbox 142 1171 316 1220; x_wconf 90' lang='lat' dir='ltr'>dicium,</span> <span class='ocrx_word' id='word_1_99' title='bbox 363 1171 405 1211; x_wconf 93' lang='lat' dir='ltr'>in</span> <span class='ocrx_word' id='word_1_100' title='bbox 451 1170 675 1211; x_wconf 83' lang='lat' dir='ltr'>voluntate</span> <span class='ocrx_word' id='word_1_101' title='bbox 720 1170 934 1211; x_wconf 86' lang='lat' dir='ltr'>rectitudo</span> <span class='ocrx_word' id='word_1_102' title='bbox 989 1170 1234 1219; x_wconf 88' lang='lat' dir='ltr'>voluntatis,</span> <span class='ocrx_word' id='word_1_103' title='bbox 1287 1170 1326 1210; x_wconf 91' lang='lat' dir='ltr'>in</span> <span class='ocrx_word' id='word_1_104' title='bbox 1381 1171 1661 1211; x_wconf 77' lang='lat' dir='ltr'>sensualitate</span> <span class='ocrx_word' id='word_1_105' title='bbox 1711 1170 1781 1222; x_wconf 85' lang='lat' dir='ltr'>pia</span> 
     </span>
     <span class='ocr_line' id='line_1_14' title="bbox 143 1246 1782 1298; baseline -0.001 -10"><span class='ocrx_word' id='word_1_106' title='bbox 143 1247 419 1289; x_wconf 83' lang='lat' dir='ltr'>oboedientia</span> <span class='ocrx_word' id='word_1_107' title='bbox 452 1246 734 1298; x_wconf 84' lang='lat' dir='ltr'>obsequendi.</span> <span class='ocrx_word' id='word_1_108' title='bbox 799 1246 997 1288; x_wconf 81' lang='lat' dir='ltr'>Rationis</span> <span class='ocrx_word' id='word_1_109' title='bbox 1033 1249 1125 1288; x_wconf 87' lang='lat' dir='ltr'>erat</span> <span class='ocrx_word' id='word_1_110' title='bbox 1152 1246 1408 1296; x_wconf 87' lang='lat' dir='ltr'>discernere,</span> <span class='ocrx_word' id='word_1_111' title='bbox 1444 1246 1680 1287; x_wconf 86' lang='lat' dir='ltr'>voluntatis</span> <span class='ocrx_word' id='word_1_112' title='bbox 1707 1259 1782 1298; x_wconf 83' lang='lat' dir='ltr'>ap-</span> 
     </span>
     <span class='ocr_line' id='line_1_15' title="bbox 142 1323 1783 1377; baseline -0.002 -11"><span class='ocrx_word' id='word_1_113' title='bbox 142 1327 302 1377; x_wconf 82' lang='lat' dir='ltr'>petere,</span> <span class='ocrx_word' id='word_1_114' title='bbox 349 1323 641 1366; x_wconf 85' lang='lat' dir='ltr'>sensualitatis</span> <span class='ocrx_word' id='word_1_115' title='bbox 687 1324 868 1376; x_wconf 86' lang='lat' dir='ltr'>obsequi</span> <span class='ocrx_word' id='word_1_116' title='bbox 919 1324 984 1364; x_wconf 90' lang='lat' dir='ltr'>vel</span> <span class='ocrx_word' id='word_1_117' title='bbox 1030 1324 1278 1376; x_wconf 86' lang='lat' dir='ltr'>adimplere.</span> <span class='ocrx_word' id='word_1_118' title='bbox 1375 1324 1421 1363; x_wconf 81' lang='lat' dir='ltr'>ln</span> <span class='ocrx_word' id='word_1_119' title='bbox 1468 1324 1636 1364; x_wconf 86' lang='lat' dir='ltr'>ratione</span> <span class='ocrx_word' id='word_1_120' title='bbox 1680 1323 1783 1363; x_wconf 88' lang='lat' dir='ltr'>boni</span> 
     </span>
     <span class='ocr_line' id='line_1_16' title="bbox 142 1400 1779 1453; baseline -0.001 -10"><span class='ocrx_word' id='word_1_121' title='bbox 142 1402 309 1453; x_wconf 86' lang='lat' dir='ltr'>notitia,</span> <span class='ocrx_word' id='word_1_122' title='bbox 343 1403 385 1443; x_wconf 89' lang='lat' dir='ltr'>in</span> <span class='ocrx_word' id='word_1_123' title='bbox 420 1402 643 1442; x_wconf 88' lang='lat' dir='ltr'>voluntate</span> <span class='ocrx_word' id='word_1_124' title='bbox 670 1401 861 1443; x_wconf 88' lang='lat' dir='ltr'>eiusdem</span> <span class='ocrx_word' id='word_1_125' title='bbox 898 1400 1262 1453; x_wconf 84' lang='lat' dir='ltr'>concupiscentia,</span> <span class='ocrx_word' id='word_1_126' title='bbox 1291 1401 1332 1441; x_wconf 90' lang='lat' dir='ltr'>in</span> <span class='ocrx_word' id='word_1_127' title='bbox 1361 1401 1642 1442; x_wconf 84' lang='lat' dir='ltr'>sensualitate</span> <span class='ocrx_word' id='word_1_128' title='bbox 1669 1401 1779 1441; x_wconf 90' lang='lat' dir='ltr'>bene</span> 
     </span>
     <span class='ocr_line' id='line_1_17' title="bbox 142 1478 1783 1533; baseline -0.002 -12"><span class='ocrx_word' id='word_1_129' title='bbox 142 1480 351 1533; x_wconf 89' lang='lat' dir='ltr'>operandi</span> <span class='ocrx_word' id='word_1_130' title='bbox 386 1479 569 1520; x_wconf 83' lang='lat' dir='ltr'>licentia.</span> <span class='ocrx_word' id='word_1_131' title='bbox 636 1479 785 1520; x_wconf 86' lang='lat' dir='ltr'>Talem</span> <span class='ocrx_word' id='word_1_132' title='bbox 827 1491 927 1530; x_wconf 85' lang='lat' dir='ltr'>ergo</span> <span class='ocrx_word' id='word_1_133' title='bbox 970 1478 1067 1520; x_wconf 83' lang='lat' dir='ltr'>fecit</span> <span class='ocrx_word' id='word_1_134' title='bbox 1100 1478 1215 1519; x_wconf 88' lang='lat' dir='ltr'>Deus</span> <span class='ocrx_word' id='word_1_135' title='bbox 1248 1478 1483 1527; x_wconf 81' lang='lat' dir='ltr'>hominem,</span> <span class='ocrx_word' id='word_1_136' title='bbox 1519 1478 1590 1530; x_wconf 85' lang='lat' dir='ltr'>qui</span> <span class='ocrx_word' id='word_1_137' title='bbox 1636 1480 1783 1530; x_wconf 89' lang='lat' dir='ltr'>posset</span> 
     </span>
     <span class='ocr_line' id='line_1_18' title="bbox 142 1555 1782 1609; baseline -0.001 -10"><span class='ocrx_word' id='word_1_138' title='bbox 142 1557 317 1609; x_wconf 81' lang='lat' dir='ltr'>imagini</span> <span class='ocrx_word' id='word_1_139' title='bbox 350 1570 468 1607; x_wconf 89' lang='lat' dir='ltr'>suae,</span> <span class='ocrx_word' id='word_1_140' title='bbox 504 1557 545 1597; x_wconf 89' lang='lat' dir='ltr'>id</span> <span class='ocrx_word' id='word_1_141' title='bbox 580 1558 644 1597; x_wconf 92' lang='lat' dir='ltr'>est</span> <span class='ocrx_word' id='word_1_142' title='bbox 677 1556 782 1596; x_wconf 83' lang='lat' dir='ltr'>Filio</span> <span class='ocrx_word' id='word_1_143' title='bbox 816 1569 908 1606; x_wconf 91' lang='lat' dir='ltr'>suo,</span> <span class='ocrx_word' id='word_1_144' title='bbox 943 1555 1204 1597; x_wconf 85' lang='lat' dir='ltr'>conformari</span> <span class='ocrx_word' id='word_1_145' title='bbox 1239 1557 1280 1596; x_wconf 87' lang='lat' dir='ltr'>et</span> <span class='ocrx_word' id='word_1_146' title='bbox 1312 1556 1383 1597; x_wconf 90' lang='lat' dir='ltr'>illa</span> <span class='ocrx_word' id='word_1_147' title='bbox 1417 1555 1499 1596; x_wconf 88' lang='lat' dir='ltr'>tria</span> <span class='ocrx_word' id='word_1_148' title='bbox 1532 1555 1573 1595; x_wconf 90' lang='lat' dir='ltr'>in</span> <span class='ocrx_word' id='word_1_149' title='bbox 1607 1569 1652 1596; x_wconf 89' lang='lat' dir='ltr'>se</span> <span class='ocrx_word' id='word_1_150' title='bbox 1678 1555 1782 1597; x_wconf 63' lang='lat' dir='ltr'>reci÷</span> 
     </span>
     <span class='ocr_line' id='line_1_19' title="bbox 142 1632 1785 1688; baseline -0.002 -12"><span class='ocrx_word' id='word_1_151' title='bbox 142 1649 256 1688; x_wconf 85' lang='lat' dir='ltr'>pere,</span> <span class='ocrx_word' id='word_1_152' title='bbox 310 1648 421 1688; x_wconf 86' lang='lat' dir='ltr'>quae</span> <span class='ocrx_word' id='word_1_153' title='bbox 473 1648 550 1687; x_wconf 89' lang='lat' dir='ltr'>per</span> <span class='ocrx_word' id='word_1_154' title='bbox 600 1634 742 1675; x_wconf 89' lang='lat' dir='ltr'>Adam</span> <span class='ocrx_word' id='word_1_155' title='bbox 795 1634 1036 1675; x_wconf 85' lang='lat' dir='ltr'>deformata</span> <span class='ocrx_word' id='word_1_156' title='bbox 1088 1633 1129 1674; x_wconf 88' lang='lat' dir='ltr'>in</span> <span class='ocrx_word' id='word_1_157' title='bbox 1183 1646 1233 1674; x_wconf 89' lang='lat' dir='ltr'>eo</span> <span class='ocrx_word' id='word_1_158' title='bbox 1279 1633 1421 1674; x_wconf 83' lang='lat' dir='ltr'>futura</span> <span class='ocrx_word' id='word_1_159' title='bbox 1474 1633 1656 1673; x_wconf 87' lang='lat' dir='ltr'>fuerant.</span> <span class='ocrx_word' id='word_1_160' title='bbox 1735 1632 1785 1672; x_wconf 84' lang='lat' dir='ltr'>Et</span> 
     </span>
     <span class='ocr_line' id='line_1_20' title="bbox 142 1709 1783 1763; baseline -0.002 -11"><span class='ocrx_word' id='word_1_161' title='bbox 142 1713 223 1754; x_wconf 88' lang='lat' dir='ltr'>hoc</span> <span class='ocrx_word' id='word_1_162' title='bbox 257 1715 342 1753; x_wconf 88' lang='lat' dir='ltr'>est:</span> <span class='ocrx_word' id='word_1_163' title='bbox 389 1712 505 1753; x_wconf 83' lang='lat' dir='ltr'>Fecit</span> <span class='ocrx_word' id='word_1_164' title='bbox 545 1712 658 1752; x_wconf 89' lang='lat' dir='ltr'>Deus</span> <span class='ocrx_word' id='word_1_165' title='bbox 697 1711 916 1752; x_wconf 87' lang='lat' dir='ltr'>hominem</span> <span class='ocrx_word' id='word_1_166' title='bbox 958 1711 1012 1752; x_wconf 90' lang='lat' dir='ltr'>ad</span> <span class='ocrx_word' id='word_1_167' title='bbox 1059 1711 1289 1763; x_wconf 81' lang='lat' dir='ltr'>imaginem</span> <span class='ocrx_word' id='word_1_168' title='bbox 1333 1723 1455 1751; x_wconf 88' lang='lat' dir='ltr'>suam</span> <span class='ocrx_word' id='word_1_169' title='bbox 1500 1709 1783 1761; x_wconf 83' lang='lat' dir='ltr'>comprehen-</span> 
     </span>
     <span class='ocr_line' id='line_1_21' title="bbox 143 1787 1782 1837; baseline -0.003 -6"><span class='ocrx_word' id='word_1_170' title='bbox 143 1790 330 1832; x_wconf 90' lang='lat' dir='ltr'>dendam</span> <span class='ocrx_word' id='word_1_171' title='bbox 380 1791 422 1830; x_wconf 88' lang='lat' dir='ltr'>et</span> <span class='ocrx_word' id='word_1_172' title='bbox 469 1789 509 1829; x_wconf 91' lang='lat' dir='ltr'>in</span> <span class='ocrx_word' id='word_1_173' title='bbox 552 1801 595 1829; x_wconf 91' lang='lat' dir='ltr'>se</span> <span class='ocrx_word' id='word_1_174' title='bbox 647 1788 913 1837; x_wconf 61' lang='lat' dir='ltr'>habendann</span> <span class='ocrx_word' id='word_1_175' title='bbox 961 1788 1003 1828; x_wconf 91' lang='lat' dir='ltr'>in</span> <span class='ocrx_word' id='word_1_176' title='bbox 1061 1802 1106 1830; x_wconf 87' lang='lat' dir='ltr'>se</span> <span class='ocrx_word' id='word_1_177' title='bbox 1151 1788 1389 1828; x_wconf 81' lang='lat' dir='ltr'>secundum</span> <span class='ocrx_word' id='word_1_178' title='bbox 1437 1787 1782 1829; x_wconf 81' lang='lat' dir='ltr'>conformitatem</span> 
     </span>
     <span class='ocr_line' id='line_1_22' title="bbox 144 1864 1784 1918; baseline -0.002 -11"><span class='ocrx_word' id='word_1_179' title='bbox 144 1867 300 1909; x_wconf 89' lang='lat' dir='ltr'>habilis</span> <span class='ocrx_word' id='word_1_180' title='bbox 333 1866 423 1916; x_wconf 89' lang='lat' dir='ltr'>fuit,</span> <span class='ocrx_word' id='word_1_181' title='bbox 470 1867 516 1906; x_wconf 89' lang='lat' dir='ltr'>ut</span> <span class='ocrx_word' id='word_1_182' title='bbox 550 1865 693 1918; x_wconf 81' lang='lat' dir='ltr'>imago</span> <span class='ocrx_word' id='word_1_183' title='bbox 727 1865 801 1906; x_wconf 91' lang='lat' dir='ltr'>Dei</span> <span class='ocrx_word' id='word_1_184' title='bbox 837 1865 1090 1907; x_wconf 77' lang='lat' dir='ltr'>efficeretur.</span> <span class='ocrx_word' id='word_1_185' title='bbox 1158 1866 1216 1906; x_wconf 89' lang='lat' dir='ltr'>De</span> <span class='ocrx_word' id='word_1_186' title='bbox 1256 1865 1400 1905; x_wconf 87' lang='lat' dir='ltr'>futuro</span> <span class='ocrx_word' id='word_1_187' title='bbox 1435 1864 1547 1905; x_wconf 87' lang='lat' dir='ltr'>enim</span> <span class='ocrx_word' id='word_1_188' title='bbox 1589 1866 1652 1905; x_wconf 87' lang='lat' dir='ltr'>est</span> <span class='ocrx_word' id='word_1_189' title='bbox 1684 1876 1784 1915; x_wconf 89' lang='lat' dir='ltr'>pro-</span> 
     </span>
     <span class='ocr_line' id='line_1_23' title="bbox 144 1941 1784 1997; baseline -0.003 -12"><span class='ocrx_word' id='word_1_190' title='bbox 144 1945 303 1997; x_wconf 88' lang='lat' dir='ltr'>phetia.</span> <span class='ocrx_word' id='word_1_191' title='bbox 395 1943 552 1984; x_wconf 90' lang='lat' dir='ltr'>Videns</span> <span class='ocrx_word' id='word_1_192' title='bbox 593 1943 722 1994; x_wconf 89' lang='lat' dir='ltr'>igitur</span> <span class='ocrx_word' id='word_1_193' title='bbox 764 1944 929 1996; x_wconf 86' lang='lat' dir='ltr'>Moyses</span> <span class='ocrx_word' id='word_1_194' title='bbox 969 1956 1047 1996; x_wconf 89' lang='lat' dir='ltr'>per</span> <span class='ocrx_word' id='word_1_195' title='bbox 1091 1943 1289 1995; x_wconf 87' lang='lat' dir='ltr'>spiritum</span> <span class='ocrx_word' id='word_1_196' title='bbox 1331 1942 1482 1983; x_wconf 89' lang='lat' dir='ltr'>Filium</span> <span class='ocrx_word' id='word_1_197' title='bbox 1523 1941 1599 1981; x_wconf 92' lang='lat' dir='ltr'>Dei</span> <span class='ocrx_word' id='word_1_198' title='bbox 1633 1943 1784 1981; x_wconf 87' lang='lat' dir='ltr'>ventu-</span> 
     </span>
     <span class='ocr_line' id='line_1_24' title="bbox 144 2018 1784 2073; baseline -0.003 -11"><span class='ocrx_word' id='word_1_199' title='bbox 144 2035 237 2062; x_wconf 91' lang='lat' dir='ltr'>rum</span> <span class='ocrx_word' id='word_1_200' title='bbox 282 2021 322 2062; x_wconf 90' lang='lat' dir='ltr'>in</span> <span class='ocrx_word' id='word_1_201' title='bbox 371 2021 596 2070; x_wconf 89' lang='lat' dir='ltr'>mundum,</span> <span class='ocrx_word' id='word_1_202' title='bbox 638 2034 715 2073; x_wconf 87' lang='lat' dir='ltr'>per</span> <span class='ocrx_word' id='word_1_203' title='bbox 757 2034 885 2073; x_wconf 86' lang='lat' dir='ltr'>quem</span> <span class='ocrx_word' id='word_1_204' title='bbox 940 2020 1011 2061; x_wconf 89' lang='lat' dir='ltr'>illa</span> <span class='ocrx_word' id='word_1_205' title='bbox 1052 2021 1146 2070; x_wconf 88' lang='lat' dir='ltr'>tria,</span> <span class='ocrx_word' id='word_1_206' title='bbox 1194 2033 1305 2072; x_wconf 89' lang='lat' dir='ltr'>quae</span> <span class='ocrx_word' id='word_1_207' title='bbox 1361 2019 1488 2060; x_wconf 84' lang='lat' dir='ltr'>Pater</span> <span class='ocrx_word' id='word_1_208' title='bbox 1530 2018 1784 2071; x_wconf 68' lang='lat' dir='ltr'>contulerat,</span> 
     </span>
     <span class='ocr_line' id='line_1_25' title="bbox 144 2096 1784 2151; baseline -0.003 -12"><span class='ocrx_word' id='word_1_209' title='bbox 144 2099 318 2151; x_wconf 83' lang='lat' dir='ltr'>quando</span> <span class='ocrx_word' id='word_1_210' title='bbox 362 2098 499 2139; x_wconf 84' lang='lat' dir='ltr'>factus</span> <span class='ocrx_word' id='word_1_211' title='bbox 539 2100 603 2138; x_wconf 88' lang='lat' dir='ltr'>est</span> <span class='ocrx_word' id='word_1_212' title='bbox 648 2098 793 2147; x_wconf 88' lang='lat' dir='ltr'>homo,</span> <span class='ocrx_word' id='word_1_213' title='bbox 845 2098 887 2138; x_wconf 91' lang='lat' dir='ltr'>in</span> <span class='ocrx_word' id='word_1_214' title='bbox 934 2097 1108 2138; x_wconf 84' lang='lat' dir='ltr'>homine</span> <span class='ocrx_word' id='word_1_215' title='bbox 1162 2097 1286 2138; x_wconf 87' lang='lat' dir='ltr'>nobis</span> <span class='ocrx_word' id='word_1_216' title='bbox 1328 2096 1605 2137; x_wconf 87' lang='lat' dir='ltr'>reformanda</span> <span class='ocrx_word' id='word_1_217' title='bbox 1647 2097 1784 2144; x_wconf 84' lang='lat' dir='ltr'>erant,</span> 
     </span>
     <span class='ocr_line' id='line_1_26' title="bbox 145 2174 1501 2226; baseline -0.002 -10"><span class='ocrx_word' id='word_1_218' title='bbox 145 2176 250 2216; x_wconf 90' lang='lat' dir='ltr'>dixit</span> <span class='ocrx_word' id='word_1_219' title='bbox 283 2175 430 2217; x_wconf 85' lang='lat' dir='ltr'>fecisse</span> <span class='ocrx_word' id='word_1_220' title='bbox 464 2174 684 2216; x_wconf 90' lang='lat' dir='ltr'>hominem</span> <span class='ocrx_word' id='word_1_221' title='bbox 717 2175 772 2216; x_wconf 89' lang='lat' dir='ltr'>ad</span> <span class='ocrx_word' id='word_1_222' title='bbox 807 2174 1052 2226; x_wconf 88' lang='lat' dir='ltr'>imaginem.</span> <span class='ocrx_word' id='word_1_223' title='bbox 1498 2211 1501 2213; x_wconf 15' lang='grc' dir='ltr'><strong>Α</strong></span> 
     </span>
    </p>

    <p class='ocr_par' dir='ltr' id='par_1_4' title="bbox 146 2248 1787 2534">
     <span class='ocr_line' id='line_1_27' title="bbox 286 2248 1787 2305; baseline -0.003 -12"><span class='ocrx_word' id='word_1_224' title='bbox 286 2252 492 2305; x_wconf 82' lang='lat' dir='ltr'>Sequitur</span> <span class='ocrx_word' id='word_1_225' title='bbox 536 2252 592 2293; x_wconf 91' lang='lat' dir='ltr'>ad</span> <span class='ocrx_word' id='word_1_226' title='bbox 625 2251 1020 2293; x_wconf 88' lang='lat' dir='ltr'>similitudinem</span> <span class='ocrx_word' id='word_1_227' title='bbox 1054 2251 1398 2303; x_wconf 86' lang='lat' dir='ltr'>exprimendam.</span> <span class='ocrx_word' id='word_1_228' title='bbox 1469 2249 1569 2289; x_wconf 88' lang='lat' dir='ltr'>Tria</span> <span class='ocrx_word' id='word_1_229' title='bbox 1607 2248 1787 2289; x_wconf 84' lang='lat' dir='ltr'>contulit</span> 
     </span>
     <span class='ocr_line' id='line_1_28' title="bbox 146 2326 1786 2381; baseline -0.002 -11"><span class='ocrx_word' id='word_1_230' title='bbox 146 2330 259 2371; x_wconf 89' lang='lat' dir='ltr'>Deus</span> <span class='ocrx_word' id='word_1_231' title='bbox 302 2329 468 2370; x_wconf 90' lang='lat' dir='ltr'>homini</span> <span class='ocrx_word' id='word_1_232' title='bbox 509 2330 550 2370; x_wconf 89' lang='lat' dir='ltr'>in</span> <span class='ocrx_word' id='word_1_233' title='bbox 590 2329 730 2381; x_wconf 89' lang='lat' dir='ltr'>primo</span> <span class='ocrx_word' id='word_1_234' title='bbox 764 2331 880 2369; x_wconf 87' lang='lat' dir='ltr'>statu</span> <span class='ocrx_word' id='word_1_235' title='bbox 913 2328 1124 2369; x_wconf 80' lang='lat' dir='ltr'>libertatis</span> <span class='ocrx_word' id='word_1_236' title='bbox 1157 2327 1211 2369; x_wconf 92' lang='lat' dir='ltr'>ad</span> <span class='ocrx_word' id='word_1_237' title='bbox 1250 2327 1480 2378; x_wconf 88' lang='lat' dir='ltr'>imaginem</span> <span class='ocrx_word' id='word_1_238' title='bbox 1519 2330 1559 2367; x_wconf 87' lang='lat' dir='ltr'>et</span> <span class='ocrx_word' id='word_1_239' title='bbox 1590 2326 1786 2367; x_wconf 86' lang='lat' dir='ltr'>similitu-</span> 
     </span>
     <span class='ocr_line' id='line_1_29' title="bbox 146 2404 1786 2455; baseline -0.002 -8"><span class='ocrx_word' id='word_1_240' title='bbox 146 2407 289 2448; x_wconf 89' lang='lat' dir='ltr'>dinem</span> <span class='ocrx_word' id='word_1_241' title='bbox 335 2420 411 2448; x_wconf 88' lang='lat' dir='ltr'>seu</span> <span class='ocrx_word' id='word_1_242' title='bbox 455 2406 715 2448; x_wconf 84' lang='lat' dir='ltr'>trinitatem:</span> <span class='ocrx_word' id='word_1_243' title='bbox 772 2406 1038 2455; x_wconf 85' lang='lat' dir='ltr'>Memoriam,</span> <span class='ocrx_word' id='word_1_244' title='bbox 1091 2405 1355 2446; x_wconf 86' lang='lat' dir='ltr'>intellectum</span> <span class='ocrx_word' id='word_1_245' title='bbox 1410 2406 1450 2445; x_wconf 85' lang='lat' dir='ltr'>et</span> <span class='ocrx_word' id='word_1_246' title='bbox 1502 2404 1786 2444; x_wconf 86' lang='lat' dir='ltr'>voluntatem.</span> 
     </span>
     <span class='ocr_line' id='line_1_30' title="bbox 146 2481 1787 2534; baseline -0.002 -10"><span class='ocrx_word' id='word_1_247' title='bbox 146 2484 412 2534; x_wconf 87' lang='lat' dir='ltr'>Memoriam,</span> <span class='ocrx_word' id='word_1_248' title='bbox 446 2486 494 2524; x_wconf 91' lang='lat' dir='ltr'>ut</span> <span class='ocrx_word' id='word_1_249' title='bbox 527 2483 771 2524; x_wconf 88' lang='lat' dir='ltr'>divinorum</span> <span class='ocrx_word' id='word_1_250' title='bbox 808 2483 1115 2524; x_wconf 87' lang='lat' dir='ltr'>beneficiorum</span> <span class='ocrx_word' id='word_1_251' title='bbox 1154 2495 1322 2523; x_wconf 90' lang='lat' dir='ltr'>memor</span> <span class='ocrx_word' id='word_1_252' title='bbox 1357 2482 1491 2523; x_wconf 88' lang='lat' dir='ltr'>Deum</span> <span class='ocrx_word' id='word_1_253' title='bbox 1512 2481 1713 2532; x_wconf 60' lang='lat' dir='ltr'>,diligeret</span> <span class='ocrx_word' id='word_1_254' title='bbox 1747 2483 1787 2521; x_wconf 82' lang='lat' dir='ltr'>et</span> 
     </span>
    </p>
   </div>
   <div class='ocr_carea' id='block_1_3' title="bbox 146 2554 1821 2614">
    <p class='ocr_par' dir='ltr' id='par_1_5' title="bbox 146 2554 1821 2614">
     <span class='ocr_line' id='line_1_31' title="bbox 146 2554 1821 2614; baseline -0.001 -12"><span class='ocrx_word' id='word_1_255' title='bbox 146 2574 224 2613; x_wconf 89' lang='lat' dir='ltr'>pro</span> <span class='ocrx_word' id='word_1_256' title='bbox 258 2561 463 2614; x_wconf 79' lang='lat' dir='ltr'>impensis</span> <span class='ocrx_word' id='word_1_257' title='bbox 502 2561 686 2612; x_wconf 89' lang='lat' dir='ltr'>gratiam</span> <span class='ocrx_word' id='word_1_258' title='bbox 727 2561 921 2609; x_wconf 81' lang='lat' dir='ltr'>referret3</span> <span class='ocrx_word' id='word_1_259' title='bbox 969 2560 1247 2610; x_wconf 88' lang='lat' dir='ltr'>intellectum,</span> <span class='ocrx_word' id='word_1_260' title='bbox 1297 2561 1342 2599; x_wconf 90' lang='lat' dir='ltr'>ut</span> <span class='ocrx_word' id='word_1_261' title='bbox 1389 2560 1573 2599; x_wconf 84' lang='lat' dir='ltr'>creatori</span> <span class='ocrx_word' id='word_1_262' title='bbox 1619 2554 1696 2599; x_wconf 88' lang='lat' dir='ltr'>suo</span> <span class='ocrx_word' id='word_1_263' title='bbox 1742 2571 1787 2599; x_wconf 83' lang='lat' dir='ltr'>se</span> <span class='ocrx_word' id='word_1_264' title='bbox 1808 2582 1821 2601; x_wconf 68' lang='grc'>,-,</span> 
     </span>
    </p>
   </div>
   <div class='ocr_carea' id='block_1_4' title="bbox 170 2641 680 2647">
    <p class='ocr_par' dir='ltr' id='par_1_6' title="bbox 170 2641 680 2647">
     <span class='ocr_line' id='line_1_32' title="bbox 170 2641 680 2647; baseline 0 0"><span class='ocrx_word' id='word_1_265' title='bbox 170 2641 680 2647; x_wconf 95' lang='lat' dir='ltr'> </span> 
     </span>
    </p>
   </div>
   <div class='ocr_carea' id='block_1_5' title="bbox 145 2662 1789 2957">
    <p class='ocr_par' dir='ltr' id='par_1_7' title="bbox 145 2662 1789 2957">
     <span class='ocr_line' id='line_1_33' title="bbox 289 2662 1789 2718; baseline -0.003 -9"><span class='ocrx_word' id='word_1_266' title='bbox 289 2666 475 2709; x_wconf 44' lang='lat' dir='ltr'>2⁷soilicet</span> <span class='ocrx_word' id='word_1_267' title='bbox 501 2687 566 2709; x_wconf 82' lang='lat' dir='ltr'>om.</span> <span class='ocrx_word' id='word_1_268' title='bbox 584 2677 628 2708; x_wconf 88' lang='lat' dir='ltr'>B.</span> <span class='ocrx_word' id='word_1_269' title='bbox 650 2667 653 2669; x_wconf 34' lang='lat'>⁵</span> <span class='ocrx_word' id='word_1_270' title='bbox 724 2674 744 2708; x_wconf 84' lang='lat'>8</span> <span class='ocrx_word' id='word_1_271' title='bbox 773 2676 829 2708; x_wconf 88' lang='lat' dir='ltr'>est</span> <span class='ocrx_word' id='word_1_272' title='bbox 854 2686 919 2707; x_wconf 84' lang='lat' dir='ltr'>om.</span> <span class='ocrx_word' id='word_1_273' title='bbox 934 2674 974 2710; x_wconf 67' lang='lat' dir='ltr'>A.</span> <span class='ocrx_word' id='word_1_274' title='bbox 1074 2673 1214 2718; x_wconf 79' lang='lat' dir='ltr'>similis]</span> <span class='ocrx_word' id='word_1_275' title='bbox 1236 2672 1433 2706; x_wconf 83' lang='lat' dir='ltr'>similitudo</span> <span class='ocrx_word' id='word_1_276' title='bbox 1457 2674 1499 2707; x_wconf 79' lang='grc' dir='ltr'>Α.</span> <span class='ocrx_word' id='word_1_277' title='bbox 1600 2662 1641 2704; x_wconf 80' lang='lat'>18</span> <span class='ocrx_word' id='word_1_278' title='bbox 1669 2670 1789 2704; x_wconf 80' lang='lat' dir='ltr'>futura</span> 
     </span>
     <span class='ocr_line' id='line_1_34' title="bbox 147 2732 1789 2778; baseline -0.005 -9"><span class='ocrx_word' id='word_1_279' title='bbox 147 2737 185 2769; x_wconf 75' lang='lat' dir='ltr'>in</span> <span class='ocrx_word' id='word_1_280' title='bbox 204 2737 232 2769; x_wconf 81' lang='lat' dir='ltr'><strong><em>A</em></strong></span> <span class='ocrx_word' id='word_1_281' title='bbox 253 2738 292 2769; x_wconf 64' lang='lat' dir='ltr'>in</span> <span class='ocrx_word' id='word_1_282' title='bbox 318 2747 452 2769; x_wconf 73' lang='lat' dir='ltr'>rasura</span> <span class='ocrx_word' id='word_1_283' title='bbox 478 2736 664 2778; x_wconf 72' lang='lat' dir='ltr'>scriptum.</span> <span class='ocrx_word' id='word_1_284' title='bbox 762 2734 881 2767; x_wconf 79' lang='lat' dir='ltr'>fuerat</span> <span class='ocrx_word' id='word_1_285' title='bbox 898 2735 936 2767; x_wconf 87' lang='lat' dir='ltr'>B.</span> <span class='ocrx_word' id='word_1_286' title='bbox 1037 2733 1081 2766; x_wconf 81' lang='lat'>20</span> <span class='ocrx_word' id='word_1_287' title='bbox 1109 2733 1143 2766; x_wconf 89' lang='lat' dir='ltr'>in</span> <span class='ocrx_word' id='word_1_288' title='bbox 1171 2744 1209 2766; x_wconf 85' lang='lat' dir='ltr'>se</span> <span class='ocrx_word' id='word_1_289' title='bbox 1230 2754 1272 2757; x_wconf 92' lang='lat'>—</span> <span class='ocrx_word' id='word_1_290' title='bbox 1294 2732 1498 2766; x_wconf 86' lang='lat' dir='ltr'>efficeretur</span> <span class='ocrx_word' id='word_1_291' title='bbox 1521 2732 1600 2763; x_wconf 68' lang='grc' dir='ltr'><em>ιῗιιΑ</em></span> <span class='ocrx_word' id='word_1_292' title='bbox 1629 2732 1667 2763; x_wconf 39' lang='grc' dir='ltr'>Υἱνιι</span> <span class='ocrx_word' id='word_1_293' title='bbox 1695 2741 1789 2762; x_wconf 65' lang='lat' dir='ltr'>mar-</span> 
     </span>
     <span class='ocr_line' id='line_1_35' title="bbox 145 2788 1788 2839; baseline -0.004 -11"><span class='ocrx_word' id='word_1_294' title='bbox 145 2797 237 2838; x_wconf 65' lang='grc' dir='ltr'>ρῖηθ,</span> <span class='ocrx_word' id='word_1_295' title='bbox 251 2794 450 2828; x_wconf 86' lang='lat' dir='ltr'>habendam</span> <span class='ocrx_word' id='word_1_296' title='bbox 466 2794 500 2828; x_wconf 91' lang='lat' dir='ltr'>in</span> <span class='ocrx_word' id='word_1_297' title='bbox 516 2805 554 2827; x_wconf 83' lang='lat' dir='ltr'>se</span> <span class='ocrx_word' id='word_1_298' title='bbox 569 2793 763 2827; x_wconf 88' lang='lat' dir='ltr'>secundum</span> <span class='ocrx_word' id='word_1_299' title='bbox 780 2793 1079 2826; x_wconf 75' lang='lat' dir='ltr'>conformitatem.</span> <span class='ocrx_word' id='word_1_300' title='bbox 1094 2792 1147 2826; x_wconf 90' lang='lat' dir='ltr'>De</span> <span class='ocrx_word' id='word_1_301' title='bbox 1162 2792 1292 2825; x_wconf 86' lang='lat' dir='ltr'>futuro.</span> <span class='ocrx_word' id='word_1_302' title='bbox 1311 2818 1334 2825; x_wconf 91' lang='lat'>..</span> <span class='ocrx_word' id='word_1_303' title='bbox 1355 2793 1394 2825; x_wconf 79' lang='lat' dir='ltr'>R.</span> <span class='ocrx_word' id='word_1_304' title='bbox 1471 2791 1514 2824; x_wconf 79' lang='lat'>22</span> <span class='ocrx_word' id='word_1_305' title='bbox 1538 2788 1614 2839; x_wconf 47' lang='lat' dir='ltr'>[zei]</span> <span class='ocrx_word' id='word_1_306' title='bbox 1629 2800 1730 2823; x_wconf 88' lang='lat' dir='ltr'>suum</span> <span class='ocrx_word' id='word_1_307' title='bbox 1748 2790 1788 2821; x_wconf 75' lang='lat' dir='ltr'>B.</span> 
     </span>
     <span class='ocr_line' id='line_1_36' title="bbox 147 2841 1789 2898; baseline -0.004 -11"><span class='ocrx_word' id='word_1_308' title='bbox 147 2853 191 2887; x_wconf 80' lang='grc'>23</span> <span class='ocrx_word' id='word_1_309' title='bbox 230 2865 335 2898; x_wconf 89' lang='lat' dir='ltr'>quem</span> <span class='ocrx_word' id='word_1_310' title='bbox 370 2865 432 2889; x_wconf 77' lang='lat' dir='ltr'>om.</span> <span class='ocrx_word' id='word_1_311' title='bbox 464 2855 503 2888; x_wconf 88' lang='grc' dir='ltr'>Β.</span> <span class='ocrx_word' id='word_1_312' title='bbox 616 2853 660 2886; x_wconf 80' lang='lat'>24</span> <span class='ocrx_word' id='word_1_313' title='bbox 691 2858 773 2895; x_wconf 70' lang='lat' dir='ltr'>post</span> <span class='ocrx_word' id='word_1_314' title='bbox 800 2853 834 2885; x_wconf 93' lang='lat' dir='ltr'>in</span> <span class='ocrx_word' id='word_1_315' title='bbox 861 2852 1003 2886; x_wconf 85' lang='lat' dir='ltr'>homine</span> <span class='ocrx_word' id='word_1_316' title='bbox 1030 2854 1112 2886; x_wconf 77' lang='lat' dir='ltr'>add.</span> <span class='ocrx_word' id='word_1_317' title='bbox 1143 2854 1173 2885; x_wconf 72' lang='lat' dir='ltr'><em>B</em></span> <span class='ocrx_word' id='word_1_318' title='bbox 1199 2851 1348 2886; x_wconf 85' lang='lat' dir='ltr'>scilicet.</span> <span class='ocrx_word' id='word_1_319' title='bbox 1462 2850 1504 2883; x_wconf 79' lang='lat'>27</span> <span class='ocrx_word' id='word_1_320' title='bbox 1534 2848 1583 2892; x_wconf 81' lang='lat' dir='ltr'>in]</span> <span class='ocrx_word' id='word_1_321' title='bbox 1612 2849 1717 2881; x_wconf 81' lang='lat' dir='ltr'>etiam</span> <span class='ocrx_word' id='word_1_322' title='bbox 1740 2841 1789 2881; x_wconf 69' lang='grc' dir='ltr'>Ἀ.</span> 
     </span>
     <span class='ocr_line' id='line_1_37' title="bbox 148 2911 1439 2957; baseline -0.003 -11"><span class='ocrx_word' id='word_1_323' title='bbox 148 2911 287 2946; x_wconf 81' lang='grc'>29-30</span> <span class='ocrx_word' id='word_1_324' title='bbox 314 2914 354 2946; x_wconf 89' lang='lat' dir='ltr'>ut</span> <span class='ocrx_word' id='word_1_325' title='bbox 374 2912 541 2957; x_wconf 82' lang='lat' dir='ltr'>diligeret</span> <span class='ocrx_word' id='word_1_326' title='bbox 567 2911 688 2945; x_wconf 85' lang='lat' dir='ltr'>divina</span> <span class='ocrx_word' id='word_1_327' title='bbox 715 2914 750 2946; x_wconf 83' lang='lat' dir='ltr'>et</span> <span class='ocrx_word' id='word_1_328' title='bbox 777 2912 1015 2956; x_wconf 84' lang='lat' dir='ltr'>impropensis</span> <span class='ocrx_word' id='word_1_329' title='bbox 1041 2911 1196 2954; x_wconf 85' lang='lat' dir='ltr'>gratiam</span> <span class='ocrx_word' id='word_1_330' title='bbox 1224 2911 1376 2943; x_wconf 79' lang='lat' dir='ltr'>referret</span> <span class='ocrx_word' id='word_1_331' title='bbox 1397 2912 1439 2943; x_wconf 77' lang='lat' dir='ltr'>A.</span> 
     </span>
    </p>
   </div>
   <div class='ocr_carea' id='block_1_6' title="bbox 149 2993 674 2999">
    <p class='ocr_par' dir='ltr' id='par_1_8' title="bbox 149 2993 674 2999">
     <span class='ocr_line' id='line_1_38' title="bbox 149 2993 674 2999; baseline 0 0"><span class='ocrx_word' id='word_1_332' title='bbox 149 2993 674 2999; x_wconf 95' lang='lat' dir='ltr'> </span> 
     </span>
    </p>
   </div>
   <div class='ocr_carea' id='block_1_7' title="bbox 149 3014 1789 3129">
    <p class='ocr_par' dir='ltr' id='par_1_9' title="bbox 149 3014 1789 3129">
     <span class='ocr_line' id='line_1_39' title="bbox 283 3014 1789 3069; baseline -0.006 -8"><span class='ocrx_word' id='word_1_333' title='bbox 283 3014 303 3044; x_wconf 42' lang='lat'>*1</span> <span class='ocrx_word' id='word_1_334' title='bbox 330 3027 373 3061; x_wconf 74' lang='lat' dir='ltr'>cf.</span> <span class='ocrx_word' id='word_1_335' title='bbox 403 3027 515 3061; x_wconf 74' lang='lat' dir='ltr'>Petr.</span> <span class='ocrx_word' id='word_1_336' title='bbox 544 3026 683 3061; x_wconf 77' lang='lat' dir='ltr'><strong>Lomb.</strong></span> <span class='ocrx_word' id='word_1_337' title='bbox 711 3026 734 3062; x_wconf 88' lang='lat'>1.</span> <span class='ocrx_word' id='word_1_338' title='bbox 760 3026 804 3060; x_wconf 87' lang='lat'>11.</span> <span class='ocrx_word' id='word_1_339' title='bbox 823 3014 858 3059; x_wconf 76' lang='lat' dir='ltr'>d.</span> <span class='ocrx_word' id='word_1_340' title='bbox 883 3026 934 3061; x_wconf 86' lang='lat'>16.</span> <span class='ocrx_word' id='word_1_341' title='bbox 952 3036 980 3059; x_wconf 69' lang='grc' dir='ltr'>ο.</span> <span class='ocrx_word' id='word_1_342' title='bbox 1002 3025 1040 3069; x_wconf 78' lang='lat'>3;</span> <span class='ocrx_word' id='word_1_343' title='bbox 1070 3024 1208 3068; x_wconf 72' lang='lat' dir='ltr'>nugo,</span> <span class='ocrx_word' id='word_1_344' title='bbox 1238 3026 1365 3057; x_wconf 65' lang='lat' dir='ltr'><em>Adnot.</em></span> <span class='ocrx_word' id='word_1_345' title='bbox 1388 3025 1472 3058; x_wconf 62' lang='lat' dir='ltr'>em.</span> <span class='ocrx_word' id='word_1_346' title='bbox 1497 3026 1530 3056; x_wconf 70' lang='lat' dir='ltr'>in</span> <span class='ocrx_word' id='word_1_347' title='bbox 1555 3024 1649 3056; x_wconf 68' lang='lat' dir='ltr'>Pent.</span> <span class='ocrx_word' id='word_1_348' title='bbox 1672 3020 1789 3057; x_wconf 54' lang='lat' dir='ltr'>avii.</span> 
     </span>
     <span class='ocr_line' id='line_1_40' title="bbox 149 3085 497 3129; baseline 0 -9"><span class='ocrx_word' id='word_1_349' title='bbox 149 3086 230 3129; x_wconf 82' lang='lat' dir='ltr'><strong>(PL.</strong></span> <span class='ocrx_word' id='word_1_350' title='bbox 260 3087 337 3127; x_wconf 77' lang='lat'>175,</span> <span class='ocrx_word' id='word_1_351' title='bbox 364 3086 408 3120; x_wconf 85' lang='lat'>37</span> <span class='ocrx_word' id='word_1_352' title='bbox 434 3085 497 3126; x_wconf 76' lang='lat' dir='ltr'>c).</span> 
     </span>
    </p>
   </div>
   <div class='ocr_carea' id='block_1_8' title="bbox 1631 3142 1646 3158">
    <p class='ocr_par' dir='ltr' id='par_1_10' title="bbox 1631 3142 1646 3158">
     <span class='ocr_line' id='line_1_41' title="bbox 1631 3142 1646 3158; baseline 0 -3"><span class='ocrx_word' id='word_1_353' title='bbox 1631 3142 1646 3158; x_wconf 65' lang='grc' dir='ltr'>»ιι</span> 
     </span>
    </p>
   </div>
   <div class='ocr_carea' id='block_1_9' title="bbox 1585 3141 1611 3181">
    <p class='ocr_par' dir='ltr' id='par_1_11' title="bbox 1585 3141 1611 3181">
     <span class='ocr_line' id='line_1_42' title="bbox 1585 3141 1611 3181; baseline 0 0"><span class='ocrx_word' id='word_1_354' title='bbox 1585 3141 1611 3181; x_wconf 90' lang='lat' dir='ltr'>b</span> 
     </span>
    </p>
   </div>
   <div class='ocr_carea' id='block_1_10' title="bbox 1803 1028 1835 1053">
    <p class='ocr_par' dir='ltr' id='par_1_12' title="bbox 1803 1028 1835 1053">
     <span class='ocr_line' id='line_1_43' title="bbox 1803 1028 1835 1053; baseline 0 0"><span class='ocrx_word' id='word_1_355' title='bbox 1803 1028 1835 1053; x_wconf 88' lang='grc'>10</span> 
     </span>
    </p>
   </div>
   <div class='ocr_carea' id='block_1_11' title="bbox 1802 1419 1835 1445">
    <p class='ocr_par' dir='ltr' id='par_1_13' title="bbox 1802 1419 1835 1445">
     <span class='ocr_line' id='line_1_44' title="bbox 1802 1419 1835 1445; baseline 0.061 -2"><span class='ocrx_word' id='word_1_356' title='bbox 1802 1419 1835 1445; x_wconf 72' lang='grc'>15,</span> 
     </span>
    </p>
   </div>
   <div class='ocr_carea' id='block_1_12' title="bbox 1805 1802 1838 1827">
    <p class='ocr_par' dir='ltr' id='par_1_14' title="bbox 1805 1802 1838 1827">
     <span class='ocr_line' id='line_1_45' title="bbox 1805 1802 1838 1827; baseline 0 0"><span class='ocrx_word' id='word_1_357' title='bbox 1805 1802 1838 1827; x_wconf 73' lang='lat'>20</span> 
     </span>
    </p>
   </div>
  </div>
 </body>
</html>
