2106 3453
858 234 1046 277 Prologus.
1730 231 1774 266 7*

142 340 262 382 cuius
303 338 490 392 inquirit,
533 340 578 379 ut
621 338 658 378 ei
700 337 924 379 insidietur
967 339 1008 378 et
1049 337 1108 378 sic
1141 350 1238 377 eum
1272 336 1425 389 spoliet
1458 349 1623 389 suaque
1656 336 1774 378 aufe-

142 417 275 457 rendo
318 429 416 457 eum
458 415 685 457 crudeliter
726 415 904 456 occidat.
969 415 1086 456 Haec
1126 417 1227 455 sunt
1268 426 1369 455 Vera
1412 413 1600 466 pessima
1639 427 1717 455 nec
1749 427 1774 454 a

143 494 232 534 viro
265 494 536 546 aliquatenus
581 492 840 544 appetenda.
907 492 978 532 Est
1011 493 1139 533 etiam
1175 504 1351 532 verum
1385 490 1621 539 rationis,
1658 491 1775 543 quod

142 573 204 611 est
238 571 278 611 in
315 570 492 611 artibus.
559 570 702 610 Virtus
742 569 921 611 rationis
953 569 1154 610 discernit
1188 569 1229 609 in
1265 568 1437 618 talibus,
1474 568 1633 610 scilicet
1665 568 1776 609 inter

140 661 208 689 res
242 650 282 688 et
325 647 435 688 inter
476 660 624 687 verum
671 648 712 687 et
754 647 930 696 falsum3
979 646 1176 696 attendit,
1221 647 1263 686 in
1297 659 1382 699 quo
1416 659 1483 686 res
1516 645 1775 686 conveniant

143 727 184 766 et
217 724 428 765 differant.
494 724 543 765 Et
576 724 689 764 istud
723 737 868 765 verum
906 737 956 764 ex
989 724 1155 765 ratione
1188 723 1230 764 in
1258 723 1480 765 dialectica
1514 726 1555 764 et
1582 722 1674 764 aliis
1707 735 1775 764 ar-

142 801 255 842 tibus
300 801 539 853 inquiritur.
611 801 738 851 Quod
783 801 955 853 quidem
997 801 1307 853 appetendum,
1353 801 1427 842 sed
1471 813 1557 840 non
1600 801 1777 852 propter

141 891 199 928 se,
233 878 365 918 immo
408 881 584 930 propter
621 891 768 919 verum
811 878 1092 919 aeternitatis.
1155 878 1251 919 Non
1294 881 1358 919 est
1390 880 1532 919 autern
1570 890 1774 918 consene-

142 954 345 996 scendum
391 955 432 994 in
476 955 653 1004 artibus,
700 955 775 996 sed
809 969 834 996 a
867 954 1084 996 liminibus
1118 957 1217 995 sunt
1250 955 1517 997 salutandae.
1582 954 1642 995 De
1674 954 1776 1007 ipsis

140 1032 453 1073 transeundum
496 1034 560 1072 est
602 1031 657 1072 ad
697 1045 866 1073 sacram
905 1032 1122 1084 paginam,
1163 1034 1341 1085 propter
1380 1045 1510 1084 quam
1553 1032 1595 1072 in
1628 1031 1688 1072 eis
1721 1031 1776 1071 ad

142 1112 312 1161 tempus
350 1108 611 1149 studendum
653 1111 728 1150 est.
794 1109 895 1149 Ideo
934 1111 1079 1149 autem
1119 1111 1296 1161 propter
1329 1122 1373 1149 se
1411 1122 1497 1149 non
1541 1110 1603 1150 est
1643 1121 1775 1161 appe-

141 1186 320 1227 tendum
361 1199 508 1227 verum
550 1185 654 1226 illud
695 1185 887 1236 rationis,
928 1186 1044 1238 quod
1088 1188 1152 1226 est
1185 1189 1227 1226 et
1260 1186 1489 1238 inquiritur
1521 1186 1562 1226 in
1596 1185 1774 1235 artibus,

142 1263 347 1316 quoniam
382 1262 521 1304 debile
566 1264 607 1303 et
640 1262 837 1303 instabile
882 1262 1044 1303 habent
1076 1262 1421 1313 fundamentum,
1457 1275 1585 1303 voces
1618 1262 1777 1303 scilicet

142 1343 182 1382 et
212 1341 389 1381 nomina
425 1342 466 1381 et
498 1340 644 1381 verba.
710 1339 833 1380 Unde
869 1339 1009 1380 evolat
1045 1340 1292 1380 emissum1.
1357 1339 1441 1380 Sed
1469 1352 1593 1382 sacra
1618 1340 1777 1392 pagina

142 1418 272 1458 habet
305 1417 457 1459 stabile
492 1417 822 1458 fundamentum
857 1430 938 1467 res,
973 1420 1020 1457 ut
1053 1417 1284 1466 Christum,
1319 1417 1543 1459 Abrabam
1577 1419 1619 1458 et
1644 1417 1776 1457 Jacob

141 1498 219 1536 etc.
282 1495 329 1535 In
372 1494 534 1535 artibus
578 1507 705 1536 voces
750 1497 792 1535 et
833 1494 1011 1535 nomina
1055 1494 1184 1535 verba
1226 1496 1326 1535 sunt
1369 1494 1667 1546 significantia,
1709 1507 1776 1535 res

140 1585 242 1614 vero
285 1572 592 1623 significantur,
648 1573 690 1612 et
732 1571 822 1611 sine
863 1571 1080 1612 intellectu
1122 1584 1205 1612 vox
1248 1573 1312 1612 est
1354 1584 1490 1613 cassa.
1573 1571 1777 1612 Similiter

143 1652 257 1690 artes
298 1648 388 1690 sine
431 1649 653 1690 divinitate
686 1662 834 1690 cassae
875 1652 989 1689 sunt.
1054 1649 1105 1689 Et
1145 1649 1253 1690 sicut
1294 1662 1377 1689 vox
1410 1649 1464 1690 ad
1498 1649 1775 1698 intellectum,

142 1725 381 1766 intellectus
423 1725 539 1766 ducit
581 1725 635 1767 ad
678 1738 783 1774 rem,
827 1725 885 1766 sic
925 1727 1054 1775 artes,
1089 1725 1244 1777 quibus
1278 1725 1393 1766 velut
1425 1724 1587 1766 semitis
1620 1725 1679 1767 ad
1712 1739 1775 1775 ea,

143 1815 254 1854 quae
275 1804 375 1843 sunt
398 1802 439 1842 in
460 1802 605 1842 divina
620 1802 790 1855 pagina,
807 1801 1015 1842 debemus
1037 1801 1187 1843 attolli.
1241 1802 1421 1842 Verum
1450 1801 1777 1842 aeternitatis

145 1880 221 1928 est,
268 1878 384 1930 quod
427 1880 604 1930 propter
648 1891 693 1918 se
739 1878 1031 1931 appetendum
1080 1880 1157 1927 est,
1202 1877 1318 1930 quod
1361 1877 1401 1917 in
1444 1877 1524 1919 hac
1566 1878 1777 1930 scriptura

146 1967 267 1995 sacra
313 1954 530 2006 appetitur
571 1957 612 1995 et
652 1955 946 2006 investigatur.
1019 1954 1157 1995 Huius
1199 1954 1465 1996 aeternitatis
1510 1954 1602 1996 sola
1646 1954 1777 1995 ratio-

143 2030 250 2071 nalis
284 2033 481 2071 creatura
515 2043 652 2083 capax
687 2034 762 2073 est.

286 2106 458 2148 Creavit
490 2106 618 2158 igitur
650 2108 763 2148 Deus
796 2107 1050 2149 rationalem
1094 2111 1351 2157 creaturam,
1386 2107 1586 2159 angelum
1620 2106 1777 2148 scilicet

143 2185 184 2223 et
235 2182 467 2233 hominem,
527 2186 574 2224 ut
627 2183 765 2224 Deum
811 2186 1133 2236 cognoscerent,
1191 2184 1490 2235 cognoscendo
1536 2183 1776 2233 laudarent,
1798 2198 1818 2222 2.

144 2258 361 2300 laudando
407 2259 644 2315 diligerent.
711 2259 764 2300 Ut
807 2260 933 2311 igitur
974 2273 1123 2301 verum
1156 2260 1437 2310 aeternitatis,
1481 2259 1777 2301 celsitudinem

144 2335 400 2386 theologiae,
452 2337 733 2387 peroptantes
785 2336 945 2377 utiliter
997 2337 1171 2378 valeant
1215 2336 1526 2386 inconculcare‚
1573 2336 1654 2376 hoc
1698 2336 1778 2376 illis

144 2411 461 2464 compendium,
492 2412 740 2453 authentico
764 2415 1013 2474 sanctorum
1041 2413 1254 2465 colloquio
1281 2413 1548 2461 roboratum,
1572 2412 1646 2452 fuit
1676 2411 1777 2452 utile

145 2490 361 2540 coaptare,
395 2488 570 2539 maligni
604 2491 833 2541 apostatae
869 2501 1018 2531 currus
1046 2489 1267 2541 cupientes
1299 2490 1535 2538 conterere,
1568 2490 1615 2528 ut
1642 2500 1777 2540 oppo-

144 2563 248 2605 sitos
280 2563 640 2616 irregressibiliter
670 2565 886 2617 possimus
920 2565 1165 2607 ascendere.

291 2690 304 2723 l
333 2690 483 2724 alicuius
510 2703 574 2725 om.
602 2693 642 2725 B.
757 2690 777 2724 3
800 2696 881 2734 post
913 2689 1114 2735 appetenda
1145 2692 1227 2724 (1.ch.
1256 2692 1287 2722 A
1321 2691 1414 2723 sunt.
1512 2687 1673 2729 rationis]
1700 2698 1777 2721 ora-

143 2749 251 2783 tionis
277 2751 318 2785 B.
440 2751 462 2784 4
499 2756 578 2794 post
622 2750 737 2784 virtus
768 2752 851 2784 mid.
897 2752 929 2784 B
961 2750 1064 2785 enim.
1190 2750 1208 2781 7
1243 2753 1325 2791 post
1359 2747 1500 2791 quidem
1537 2749 1619 2780 add.
1647 2747 1679 2779 B
1711 2748 1776 2780 est.

146 2808 187 2842 13
214 2808 362 2843 vitabile
389 2811 432 2845 A.
534 2811 576 2844 14
603 2811 637 2843 et
664 2809 818 2853 nomina]
846 2811 881 2844 et
908 2821 971 2845 om.
999 2810 1042 2844 B.
1131 2808 1171 2843 18
1193 2819 1296 2842 cassa
1323 2811 1365 2841 Α,
1452 2806 1496 2839 22
1523 2805 1777 2852 investigatur]

144 2866 359 2911 intelligitur
386 2869 427 2902 B.
560 2869 605 2902 ‘24
637 2868 775 2903 scilicet
817 2881 881 2903 om.
906 2870 952 2904 Β,
1081 2868 1125 2902 25
1159 2866 1427 2911 cognoscerent]
1467 2866 1702 2909 agnoscerent
1734 2868 1776 2899 A·

145 2925 189 2960 28
215 2926 474 2971 compendium]
504 2928 741 2972 appetendum
762 2931 804 2963 A.
903 2928 1089 2972 colloquio]
1117 2926 1267 2970 collegio
1293 2926 1336 2960 Α.

291 3030 298 3048 ¹
327 3030 474 3066 Horat.
521 3034 637 3075 Epist.
670 3032 695 3073 1,
734 3031 785 3065 18.
814 3042 847 3066 v.
876 3031 934 3065 71:
989 3032 1023 3064 et
1057 3029 1165 3064 semel
1198 3029 1367 3064 emissum
1406 3027 1504 3062 volat
1543 3027 1777 3062 irrevocabile

147 3089 304 3124 verbum.

1799 1043 1830 1068 10

1800 1429 1831 1454 15

1797 1813 1831 1837 20

1797 2576 1831 2601 80
