2106 3453
33 2566 51 2591 f.
71 2566 112 2592 91.

480 234 671 270 Tractatus
697 235 757 271 IV.
807 236 860 270 De
886 238 1109 271 sacramento
1136 236 1400 273 incarnationis.
1690 238 1758 274 75*

128 338 287 379 dicam:
323 338 452 380 Pater
484 340 526 379 et
558 339 668 380 tilius
701 341 802 380 sunt
829 339 1022 390 relativa,
1050 353 1148 381 cum
1177 354 1263 381 non
1290 354 1533 394 supponam
1563 341 1757 392 Aeneam

129 416 170 455 et
195 414 441 464 Anchisem,
476 428 738 476 verus'sum,
767 416 972 468 quoniam
1006 417 1256 468 paternitati
1284 419 1326 458 et
1353 417 1548 459 filiationi
1576 419 1759 463 debetur

128 490 291 532 relatio.
358 491 513 532 Verum
541 491 575 532 si
603 491 764 533 dicam:
798 493 970 533 Aeneas
991 495 1033 534 et
1054 492 1262 535 Anchises
1283 496 1381 535 sunt
1403 494 1596 545 relativa,
1625 495 1757 536 falsus

128 579 236 616 sum,
272 579 321 607 eo
356 567 472 619 quod
505 580 591 607 non
627 568 673 608 fit
706 568 913 609 subiectio
946 569 1213 622 proprietati,
1257 570 1323 611 cui
1365 570 1548 612 debetur
1588 571 1754 613 relatio.

128 642 203 685 Illa
248 656 349 684 vero
402 644 691 694 generalem
744 644 906 686 habent
957 645 1332 687 subiectionem
1389 647 1794 699 praedicalnenta,5

127 732 239 771 quae
277 719 364 760 suis
406 719 650 761 concedunt
691 720 907 771 subiectis,
948 734 1207 774 quacunque
1249 736 1299 763 ea
1340 722 1610 765 subiciantur
1651 736 1759 776 qua-

127 795 258 845 litate,
303 797 348 836 ut
389 798 531 847 homo,
578 796 751 838 animal.
817 796 915 838 Sive
961 798 1072 838 enim
1120 798 1280 840 dicam:
1327 798 1527 840 Socrates
1573 801 1638 840 est
1679 799 1759 841 hoc

127 870 272 912 album
309 871 372 912 vel
407 871 575 922 nigrum
612 873 675 913 vel
710 873 964 923 coloratum,
999 874 1083 914 vel:
1119 874 1342 922 Soffronici
1377 875 1488 915 filius
1521 877 1586 915 est
1612 874 1758 926 thO,

127 959 276 987 verum
311 949 386 996 est,
422 960 472 988 eo
506 947 621 999 quod
655 948 849 989 redditur
884 949 997 990 istud
1025 950 1425 1002 praedicamentum
1460 963 1537 991 suo
1565 950 1758 992 subiecto

127 1021 319 1075 qualibet
351 1023 560 1075 qualitate
593 1024 831 1076 supposita.
1204 1049 1206 1051 >
1782 1050 1814 1074 10

268 1099 414 1140 Item:
474 1099 638 1141 Prima:
698 1099 838 1141 Homo
896 1101 1038 1153 coepit
1084 1114 1176 1143 esse
1227 1102 1355 1143 Deus.
1432 1102 1620 1155 Ideoque
1672 1116 1760 1144 non
1819 1138 1823 1140 ,

129 1174 224 1216 licet
265 1174 426 1216 inferri:
467 1174 581 1216 Deus
621 1176 759 1228 coepit
799 1189 892 1217 esse
939 1177 1065 1218 Deus.
1129 1177 1175 1217 In
1214 1177 1485 1220 humanitate
1531 1178 1634 1219 nihil
1680 1179 1760 1219 im-

127 1250 258 1303 pedit,
304 1252 350 1291 ut
395 1264 546 1292 sensus
590 1251 662 1292 sit:
709 1251 837 1292 Filius
885 1251 959 1292 Dei
1012 1252 1152 1304 coepit
1203 1266 1297 1295 esse
1346 1254 1460 1294 Deus
1512 1254 1554 1294 in
1606 1254 1759 1296 huma-

128 1327 276 1377 nitate,
326 1328 563 1369 Secundum
608 1327 729 1370 illud:
798 1328 1013 1381 Quicquid
1056 1329 1207 1370 habuit
1257 1329 1387 1371 Filius
1434 1331 1638 1383 Dei-per
1682 1344 1759 1372 na-

129 1406 283 1454 turam,
327 1403 478 1445 habuit
518 1403 649 1445 homo
692 1404 760 1445 ille
801 1417 878 1457 per
917 1405 1121 1457 gratiam3
1165 1418 1242 1458 per
1285 1406 1438 1447 Filium
1479 1406 1553 1447 Dei
1596 1409 1638 1448 et
1681 1407 1814 1454 ho-15

130 1479 286 1520 minem
321 1480 505 1520 eundem
547 1480 772 1531 intelligas,
815 1483 863 1521 ut
895 1481 948 1521 sit
981 1494 1150 1522 sensus:
1192 1481 1405 1535 Quicquid
1446 1482 1596 1524 babuit
1628 1482 1759 1524 Filius

129 1555 204 1597 Dei
237 1555 278 1596 in
310 1556 448 1598 forma
481 1556 714 1598 divinitatis
747 1557 1015 1608 naturaliter,
1049 1557 1129 1599 hoc
1164 1557 1277 1599 idem
1311 1559 1486 1600 retinuit
1519 1559 1609 1612 ipse
1643 1560 1755 1601 idem

128 1632 404 1682 humanatus,
445 1632 582 1674 factus
614 1633 760 1683 homo,
800 1647 876 1686 per
908 1634 1090 1685 gratiam
1124 1634 1166 1674 in
1201 1634 1339 1676 forma
1378 1635 1676 1686 humanitatis,
1717 1636 1758 1676 in

126 1708 263 1749 forma
295 1709 420 1750 servi.
485 1708 553 1750 Sic
587 1722 687 1760 ergo
721 1709 864 1759 Filius,
898 1710 971 1762 qui
1004 1710 1059 1751 ab
1092 1712 1270 1752 aeterno
1336 1711 1448 1752 Deus
1491 1712 1582 1761 fuit,
1617 1715 1760 1753 aeter-

127 1796 220 1834 nus,
255 1784 540 1836 omnipotens,
575 1785 616 1825 in
650 1785 786 1826 forma
819 1785 1067 1836 divinitatis,
1101 1786 1208 1827 haec
1241 1787 1387 1828 omnia
1419 1787 1559 1840 coepit
1592 1801 1684 1829 esse
1713 1788 1754 1828 in
1776 1807 1809 1831 20

126 1862 322 1912 ternpore
354 1874 430 1912 per
460 1861 659 1912 gratiam,
698 1861 741 1901 id
775 1864 839 1903 est
871 1862 977 1903 haec
1012 1861 1158 1903 omnia
1191 1862 1366 1904 retinuit
1400 1865 1441 1904 et
1467 1863 1633 1914 habuit,
1667 1877 1756 1905 non

128 1935 272 1977 amisit
312 1936 353 1976 in
394 1937 532 1979 forma
571 1937 867 1980 humanitatis
933 1937 1055 1978 Unde
1095 1938 1267 1980 dicitur:
1315 1939 1471 1980 Factus
1517 1942 1594 1989 est,
1642 1941 1759 1993 quod

127 2026 213 2053 non
247 2015 351 2062 erat,
386 2025 567 2054 manens
599 2013 716 2065 quod
750 2016 842 2054 erat
860 2015 887 2055 1.
951 2013 1095 2063 Quare
1125 2007 1304 2055 'concedi
1338 2018 1493 2068 potest,
1534 2016 1651 2068 quod
1686 2017 1759 2069 qui

128 2091 220 2130 erat
252 2089 381 2130 Filius
413 2089 490 2130 Dei
523 2092 564 2131 et
597 2090 710 2131 Deus
742 2090 797 2132 ab
839 2092 1017 2131 aeterno
1060 2090 1099 2130 in
1144 2091 1281 2132 forma
1325 2091 1572 2142 divinitatis,
1619 2093 1761 2145 coepit

129 2179 221 2206 esse
253 2166 381 2216 Deus,
415 2166 689 2219 omnipotens
722 2169 801 2208 etc.
835 2167 876 2207 in
911 2167 1049 2207 forma
1082 2167 1377 2209 humanitatis.
1778 2185 1812 2209 25

270 2242 415 2283 Item:
451 2242 582 2283 Filius
608 2242 689 2284 ‘Dei
724 2245 787 2286 est
820 2245 1057 2293 creatura2,
1092 2243 1193 2295 quia
1226 2246 1395 2284 creatus
1423 2247 1464 2285 et
1491 2244 1648 2294 factus;
1685 2245 1759 2286 sed

130 2331 302 2358 omnem
332 2319 575 2360 creaturam
602 2318 765 2360 creavit
790 2321 883 2360 tota
909 2319 1110 2361 Trinitas
1164 2319 1233 2361 Sic
1261 2333 1360 2372 ergo
1380 2320 1510 2362 Filius
1538 2321 1613 2362 Dei
1640 2334 1761 2363 crea-

129 2393 190 2434 vit
222 2407 279 2434 se.
317 2419 367 2422 ——
402 2393 499 2434 Non
532 2394 738 2446 sequitur,
772 2394 846 2435 sed
879 2395 994 2435 istud
1027 2395 1239 2448 sequitur:
1274 2395 1390 2437 Fecit
1424 2397 1486 2438 vel
1522 2397 1683 2438 creavit
1715 2411 1761 2439 se

129 2469 349 2510 hominem
376 2469 440 2510 vel
468 2456 650 2522 corpus.⁶
701 2470 745 2511 Si
773 2470 982 2512 referatur
1008 2471 1063 2512 ad
1084 2484 1330 2523 personam,
1358 2472 1614 2523 ut'dicatur,
1643 2473 1760 2526 quod

134 2545 295 2586 creavit
326 2559 371 2586 se
412 2546 704 2598 l,persona11],
746 2546 897 2587 salsum
944 2549 1028 2598 est;
1068 2547 1101 2588 si
1142 2560 1242 2588 vero
1276 2548 1487 2589 referatur
1519 2548 1572 2589 ad
1606 2563 1651 2589 se
1684 2549 1761 2590 ho-
1782 2564 1815 2589 30

130 2621 303 2671 minem,
339 2635 383 2662 se
416 2634 584 2673 corpus,
619 2623 665 2662 ut
698 2622 884 2664 dicatur:
930 2623 1120 2665 Persona
1154 2623 1249 2675 illa,
1278 2637 1390 2676 quae
1423 2627 1591 2666 creator
1625 2627 1689 2666 est
1721 2627 1763 2666 et

130 2698 341 2746 creatura,
381 2697 541 2738 creavit
574 2711 618 2738 se
652 2697 871 2740 hominem
906 2711 982 2740 seu
1015 2712 1184 2751 corpus,
1228 2702 1270 2741 et
1311 2713 1396 2740 non
1431 2714 1475 2741 se
1514 2714 1760 2752 personam,

227 2824 242 2858 1
272 2823 385 2857 dicam
407 2836 470 2857 om.
488 2826 530 2858 A.
639 2825 658 2858 5
680 2824 776 2859 illam
793 2827 835 2860 Α.
934 2826 1031 2867 vero]
1052 2837 1137 2868 ergo
1155 2827 1195 2859 B.
1284 2826 1304 2859 6
1324 2826 1455 2859 cedunt
1470 2828 1511 2860 B.
1591 2826 1612 2859 8
1639 2826 1762 2860 Soffro-

130 2883 198 2917 nici
225 2886 275 2917 sic
290 2886 320 2917 Α
337 2886 378 2918 Β.
490 2884 531 2918 10
552 2884 738 2928 supposita
757 2887 900 2928 scripsi.
929 2887 959 2918 A
978 2887 1007 2918 B
1034 2885 1242 2929 suppositio.
1351 2886 1392 2919 16
1419 2885 1614 2928 intelligas]
1636 2884 1763 2919 intelli-

130 2954 219 2986 gens
234 2945 276 2977 A.
374 2943 418 2976 32
445 2944 519 2985 seu]
547 2955 585 2977 se
604 2945 645 2977 B.

276 3057 283 3075 ¹
312 3058 356 3092 cf.
384 3070 492 3102 supra
517 3070 549 3102 p.
578 3058 659 3098 65÷‚
688 3057 718 3091 5.

274 3117 286 3134 '²
313 3119 374 3152 δ’δ’.
402 3118 428 3150 l.
459 3118 511 3152 lb.
537 3118 595 3157 (76
623 3117 692 3159 C.);
721 3117 830 3150 Petr.
864 3117 997 3152 Lonib.
1026 3122 1118 3152 ..Sena
1147 3117 1168 3150 l.
1196 3117 1255 3151 111.
1285 3116 1316 3150 d.
1348 3119 1398 3151 11.
1428 3129 1455 3150 c.
1489 3117 1515 3151 l.
