2106 3453
309 1053 338 1076 lo

312 1815 345 1839 ‘20

353 246 423 283 48*
956 245 1160 281 Sententiae
1187 245 1398 282 divinitatis

355 365 466 404 quae
508 351 776 403 gravioribus
818 350 1034 403 punienda
1079 353 1212 399 erant,
1264 353 1311 390 ut
1357 363 1432 402 per
1474 349 1819 391 intercessionem
1865 361 1987 390 sanc—

355 432 495 469 torum
542 427 749 468 Dominus
791 427 981 476 remittit,
1039 427 1154 478 quod
1197 426 1251 468 ad
1295 426 1479 478 primum
1526 426 1699 466 modum
1744 425 1987 466 remittendi

356 504 554 556 pertinet.

498 579 565 620 Fit
598 582 639 619 et
671 579 753 619 alia
788 578 981 619 remissio
1005 578 1045 618 in
1068 578 1299 629 baptismo,
1329 591 1440 630 quae
1468 580 1556 619 tam
1586 577 1830 629 praesentia
1858 590 1989 629 quam

356 656 589 709 praeterita
624 658 665 696 et
698 657 839 695 sutura
874 656 1050 706 peccata
1085 654 1274 703 remittit,
1309 653 1469 694 scilicet
1502 657 1548 694 ut
1582 666 1659 705 pro
1693 653 1758 693 his
1792 656 1989 694 aeterna-

358 733 451 773 liter
491 745 576 772 non
622 731 840 783 puniatur,
888 733 929 771 ct
968 732 1136 770 tantum
1183 730 1293 771 valet
1338 732 1547 781 quantum
1583 729 1616 769 si
1650 729 1862 769 diceretur
1896 729 1932 769 ei
1966 742 1990 769 a

360 808 560 849 Domino:
608 807 705 847 Scio
752 807 850 858 quid
902 806 1049 847 seceris
1092 809 1133 846 et
1167 806 1298 847 facias
1332 807 1373 846 et
1407 806 1595 846 facturus
1629 805 1697 855 sis,
1745 805 1844 844 1111111
1878 804 1989 845 enim

358 883 601 936 praesentia
636 886 735 923 sunt
773 896 836 931 ea,
871 895 983 934 quae
1019 895 1105 922 non
1146 884 1245 922 sunt
1272 885 1494 933 tamquam
1525 895 1575 922 ea
1608 894 1718 933 quae
1746 883 1865 927 sunt;
1919 880 1992 920 sed

359 973 436 1013 pro
478 959 543 999 his
588 959 788 999 omnibus
831 958 1070 1000 aeternales
1104 971 1266 1011 poenas
1313 971 1398 998 non
1433 958 1603 998 senties.
1658 958 1706 998 Et
1742 957 1805 997 1110
1840 957 1993 997 modus

359 1036 500 1076 differt
533 1048 556 1075 a
590 1035 728 1087 primo
752 1034 895 1074 modo.
960 1034 1019 1074 Ibi
1055 1034 1166 1074 enim
1196 1034 1493 1074 consideratur
1519 1033 1728 1082 remissio,
1757 1033 1991 1073 secundum

361 1112 474 1164 quod
519 1113 640 1152 actus
683 1109 1058 1163 concupiscentiae
1093 1112 1359 1162 temperatur
1391 1110 1431 1149 in
1466 1109 1695 1161 praesenti,
1743 1109 1808 1149 hic
1842 1122 1994 1149 secun·

361 1188 463 1228 dum
498 1187 591 1236 1100,
626 1187 741 1239 quod
776 1189 979 1228 aeternae
1013 1199 1179 1238 poenae
1212 1186 1491 1226 remittuntur
1524 1186 1563 1226 in
1600 1185 1831 1236 baptismo,
1868 1198 1920 1225 ne
1953 1185 1994 1225 in

361 1264 503 1304 futura
548 1263 635 1304 vita
680 1262 934 1304 sentiantur.
1041 1262 1188 1303 Differt
1247 1264 1288 1303 et
1332 1262 1386 1303 ab
1432 1262 1514 1303 alio
1558 1261 1688 1302 modo
1733 1261 1994 1302 remittendi.

362 1340 526 1380 Beatus
558 1339 626 1379 ille
668 1339 853 1390 pertinet
895 1338 948 1378 ad
984 1340 1255 1390 praesentem
1291 1338 1439 1387 vitam,
1479 1339 1557 1379 iste
1591 1338 1645 1379 ad
1679 1338 1881 1378 futuram.
1946 1337 1997 1377 Et

326 1431 341 1455 5
363 1415 603 1456 notandum
638 1417 714 1464 est,
762 1414 878 1466 quod
911 1414 1175 1455 remissionis
1208 1415 1376 1463 modus,
1419 1427 1505 1466 quo
1540 1414 1681 1454 minus
1708 1409 1884 1466 peccata
1917 1426 1996 1465 pu-

362 1492 539 1532 niuntur
570 1491 611 1530 in
639 1491 911 1542 purgatoriis,
946 1503 1074 1542 quam
1106 1490 1351 1539 meruerint,
1386 1490 1439 1530 ad
1479 1490 1698 1540 generales
1726 1489 1998 1531 remissiones

363 1567 565 1619 baptismi
608 1579 694 1606 non
739 1565 922 1618 pertinet
955 1579 1032 1607 nec
1066 1566 1120 1606 ad
1154 1568 1296 1606 cetera
1330 1568 1615 1616 sacramenta,
1665 1566 1740 1606 sed
1773 1565 1827 1606 ad
1861 1565 1995 1605 solam

363 1642 599 1683 bonitatem
635 1641 723 1691 Dei,
765 1644 805 1682 et
847 1644 910 1682 est
943 1641 1182 1682 communis
1214 1642 1338 1682 honis
1373 1644 1414 1682 et
1446 1642 1581 1682 malis.
1646 1641 1869 1682 Neminem
1905 1642 1997 1693 qui-

364 1719 460 1759 dem
497 1718 609 1758 Deus
642 1718 765 1770 punit
798 1720 981 1767 tantum,
1016 1720 1227 1770 quantum
1262 1718 1431 1759 meruit.
1985 1708 1988 1712 ’

508 1793 816 1846 Opponitur,
851 1793 966 1845 quod
1002 1793 1144 1834 sutura
1175 1796 1353 1845 peccata
1387 1793 1664 1835 remittuntur
1696 1793 1736 1833 in
1772 1793 1999 1845 baptismo,

366 1871 468 1910 dum
509 1870 652 1911 futura
698 1870 889 1910 nondum
938 1869 1034 1910 sint.
1100 1869 1337 1910 Remittere
1377 1870 1487 1909 enim
1530 1869 1645 1921 quod
1688 1869 1879 1909 nondum
1924 1871 1999 1917 est,

366 1946 669 1987 inconveniens
703 1945 882 1986 videtur.
947 1945 1051 1985 ltem
1080 1945 1113 1985 si
1142 1947 1283 1986 essent
1311 1945 1352 1984 in
1381 1945 1596 1996 baptismo
1623 1944 1816 1993 remissa,
1851 1957 1998 1996 super-

366 2022 453 2062 flua
498 2023 610 2062 esset
650 2021 914 2072 paenitentia
960 2034 1036 2072 per
1082 2034 1211 2072 quam
1258 2020 1417 2061 remitti
1458 2023 1618 2061 certum
1666 2022 1741 2060 est.
1814 2020 1921 2060 Item
1968 2019 2000 2059 si

368 2097 574 2138 sciremus
607 2096 749 2137 futura
771 2098 948 2147 peccata
982 2096 1158 2136 remissa
1189 2095 1227 2135 in
1256 2095 1486 2147 baptismo,
1521 2095 1790 2136 occasionem
1821 2095 1999 2135 habere-

314 2194 347 2218 <25
370 2187 463 2214 mus
496 2173 670 2213 liberius
703 2175 745 2212 et
778 2172 967 2213 securius
1001 2172 1220 2224 peccandi.

318 2572 352 2596 30

512 2248 734 2289 Solutio:
770 2248 854 2289 Sed
889 2261 985 2289 cum
1020 2248 1175 2288 adultis
1202 2248 1434 2299 praeterita
1457 2250 1634 2300 peccata
1659 2247 1933 2287 dimittantur
1959 2246 1999 2286 in

368 2326 600 2377 baptismo,
623 2326 791 2365 constat
822 2324 938 2376 quod
961 2325 1073 2364 Deus
1101 2323 1274 2364 dimittit
1296 2324 1411 2375 quod
1433 2336 1517 2364 non
1542 2326 1616 2371 est,
1641 2336 1735 2363 cum
1766 2323 1857 2374 ipsa
1878 2335 2002 2374 prae-

370 2400 495 2442 terita
530 2413 615 2440 non
648 2400 745 2440 sint.
812 2400 1100 2451 Multiplicitas
1129 2412 1300 2451 quoque
1328 2399 1452 2439 huius
1480 2398 1610 2448 verbi,
1644 2398 1801 2439 scilicet
1828 2400 1934 2448 ,est‘,
1970 2398 2002 2437 si

371 2476 666 2525 concordaret,
709 2488 796 2515 non
838 2475 918 2515 1100
957 2475 1144 2515 daretur.
1212 2475 1369 2515 Dicitur
1411 2475 1523 2515 enim
1566 2487 1633 2515 res
1674 2488 1766 2515 esse
1799 2476 1910 2522 actu,
1957 2476 2003 2513 ut

372 2553 503 2592 homo
538 2552 691 2592 dicitur
724 2564 815 2592 esse
849 2553 1017 2601 natura,
1053 2552 1169 2603 quod
1203 2564 1286 2591 11011
1318 2554 1380 2591 est
1413 2553 1525 2599 actu,
1562 2553 1601 2590 et
1634 2550 1695 2590 sol
1724 2550 1878 2590 dicitur
1911 2562 2003 2589 esse

519 2739 533 2771 1
563 2738 665 2781 quae]
694 2749 798 2781 quam
827 2739 869 2772 B.
966 2736 1019 2780 ut]
1047 2748 1110 2770 nec
1133 2738 1174 2772 B.
1273 2736 1293 2769 2
1321 2735 1520 2769 remitteret
1541 2737 1583 2769 B.
1683 2735 1702 2768 6
1730 2734 1938 2768 tantundem
1962 2736 2003 2769 B.

373 2797 394 2831 8
421 2809 462 2831 ea
501 2809 591 2841 quae
627 2799 711 2830 sunt
748 2799 929 2840 tamquam
971 2807 1013 2829 ea
1048 2807 1137 2839 quae.
1172 2807 1239 2828 non
1277 2797 1359 2828 sunt
1387 2797 1416 2828 A
1453 2806 1495 2828 ea
1528 2805 1618 2838 quae
1645 2796 1728 2827 sunt
1753 2796 1935 2837 tamquam
1963 2804 2004 2826 ea

374 2868 464 2901 quae
491 2858 575 2890 sunt
601 2858 643 2890 B.
770 2855 809 2889 12
839 2855 871 2888 in
907 2855 1084 2899 baptismo
1111 2866 1175 2888 om.
1207 2856 1247 2889 B.
1372 2854 1412 2887 13
1435 2859 1517 2897 post
1545 2853 1620 2886 vita
1647 2855 1730 2886 add.
1757 2853 1790 2885 B
1815 2852 2003 2896 baptismo.

376 2917 418 2950 14
451 2915 657 2949 remittendi
697 2917 844 2948 reat-um.
886 2914 945 2947 ille
985 2914 1075 2947 enim
1104 2915 1147 2949 B.
1272 2913 1313 2947 15
1340 2913 1422 2946 nota
1454 2914 1493 2947 B.
1631 2912 1672 2946 16
1700 2911 1935 2956 promeruerit
1961 2913 2004 2945 R.

375 2976 416 3009 21
444 2981 525 3018 post
551 2975 673 3008 futura
700 2976 783 3007 add.
801 2976 830 3007 B
857 2985 948 3017 quae
975 2975 1067 3007 sunt.
1144 2973 1188 3006 23
1216 2971 1364 3015 certum]
1392 2971 1563 3005 creditum
1582 2971 1621 3005 B.
1707 2971 1751 3005 26
1779 2970 1937 3003 dimittat
1964 2970 2005 3011 R,

374 3033 419 3067 28
457 3033 556 3067 verbi
592 3033 730 3067 scilicet
771 3035 827 3067 est
865 3033 894 3066 si
934 3032 1158 3066 consrideare
1196 3033 1231 3065 et
1269 3030 1582 3073 (considerarenffl)
1623 3042 1690 3063 non
1725 3029 1790 3063 1100
1818 3029 1942 3062 darent
1962 3030 2003 3070 Β,

375 3092 514 3126 scilicet
532 3094 587 3125 est
607 3104 670 3126 am.
693 3095 736 3127 A.
811 3091 855 3125 29
877 3093 994 3125 actum
1015 3094 1055 3125 A.
1154 3091 1197 3124 30
1221 3096 1302 3133 pos-t
1321 3092 1449 3123 notura
1470 3091 1552 3124 add.
1575 3089 1606 3122 Β
1626 3091 1677 3124 ut.
1746 3090 1781 3121 et
1807 3086 1872 3130 sol]
1905 3089 1942 3120 ut
1962 3089 2004 3121 B.
