2106 3453
267 1060 300 1085 10

273 1440 304 1464 15

313 235 357 272 96
369 230 385 252 ²⁴³
659 261 661 263 .
912 224 1117 263 Sententiae
1145 221 1355 259 divinitatis.

314 359 367 399 de
408 354 679 397 humanitate
723 352 765 392 in
814 352 966 399 morte,
1013 360 1143 400 quam
1190 343 1514 389 animationem,
1571 338 1768 382 habitum
1815 337 1946 387 illum,

313 434 385 486 qui
427 436 491 474 est
531 432 641 472 inter
673 430 819 482 partes
852 425 1148 466 subsistentes.
1212 421 1285 461 1110
1318 419 1491 461 habitus
1524 419 1566 458 et
1599 416 1700 456 illud
1734 414 1947 454 vinculum

313 510 501 550 solutum
538 509 601 548 est
633 506 675 545 in
703 505 862 551 morte;
898 504 1028 553 atque
1061 499 1156 540 ideo
1196 497 1324 537 homo
1358 494 1529 547 quidem
1565 492 1829 532 humanatus
1862 501 1947 528 non

315 588 408 628 erat
434 585 476 625 in
502 583 572 624 1110
600 581 756 629 triduo,
785 579 861 620 sed
888 589 1057 629 00111115,
1085 574 1272 627 spiritus,
1296 570 1520 619 rationale,
1549 568 1785 609 coloratum
1811 567 1915 606 erat.
1941 565 1952 589 1

456 659 565 700 Illud
593 657 709 710 quod
737 655 933 701 obicitur,
969 651 1085 705 quod
1107 650 1171 691 bis
1199 650 1336 690 factus
1361 649 1426 688 est
1448 646 1592 693 homo,
1626 644 1691 684 bis
1715 643 1950 683 humanam

316 735 550 788 assumpsit
571 736 788 782 naturam,
810 742 1033 782 negamus.
1098 726 1164 767 Ad
1198 725 1279 766 hoc
1300 723 1428 772 enim,
1462 724 1509 762 ut
1539 722 1649 761 esset
1682 731 1854 759 verum:
1890 716 1955 756 bis

316 815 454 856 factus
488 814 552 854 est
570 811 716 858 1101110,
747 808 978 860 oporteret,
1000 807 1049 845 ut
1069 806 1206 844 totam
1228 801 1438 850 integram
1462 796 1732 849 deposuisset
1756 791 1954 834 humani-

318 890 521 939 tatem,et
538 889 692 928 iterum
715 886 854 925 totam
873 880 1215 933 resumpsisset2.
1254 877 1407 917 Verum
1435 873 1535 914 nihil
1552 869 1834 913 humanitatis
1848 867 1955 910 ami-

319 968 434 1008 serat
454 966 631 1017 propter
653 959 909 1014 particulam
927 970 1073 1006 unam,
1096 955 1169 996 sed
1186 953 1381 995 habitum
1398 950 1569 991 animae
1585 948 1639 989 ad
1655 960 1822 999 corpus,
1840 944 1955 998 quod

320 1040 542 1089 animatio,
567 1051 698 1091 quam
725 1034 970 1086 resumpsit,
1012 1032 1158 1084 sicque
1189 1042 1273 1070 non
1302 1026 1549 1069 conceditur
1580 1023 1695 1076 quod
1728 1022 1791 1063 bis
1823 1021 1959 1062 factus

321 1119 375 1159 sit
397 1118 528 1157 homo
551 1115 616 1156 vel
641 1114 879 1154 humanam
909 1112 1109 1151 naturam
1135 1106 1198 1147 bis
1224 1103 1490 1156 sumpsisset.
1545 1099 1678 1141 Desiit
1707 1111 1799 1139 esse
1814 1097 1958 1146 homo,

322 1207 407 1235 non
454 1195 599 1233 tamen
641 1188 785 1231 amisit
826 1185 1158 1232 humanitatem,
1200 1180 1405 1233 quoniam
1440 1175 1783 1229 inseparabiliter
1816 1173 1961 1213 iuncta

323 1268 549 1311 divinitati.
615 1264 823 1307 Divinitas
870 1262 980 1304 enim
1029 1260 1083 1301 ab
1116 1256 1386 1299 humanitate
1419 1267 1504 1294 non
1540 1254 1604 1293 est
1637 1251 1852 1303 separata,
1885 1248 1961 1289 sed

324 1359 424 1387 caro
459 1345 514 1386 ab
547 1342 693 1384 anima
727 1343 768 1381 et
801 1354 822 1381 e
857 1349 1065 1379 converso
1083 1337 1109 1376 3.

467 1421 542 1461 Illa
586 1417 841 1459 auctoritas:
893 1414 1065 1455 Clamat
1107 1423 1209 1452 caro
1252 1408 1464 1449 moritura
1507 1403 1780 1458 separatione
1813 1399 1963 1440 divini-

325 1499 439 1547 tatis,
485 1497 544 1537 sic
587 1494 832 1546 exponitur:
882 1490 921 1530 id
963 1492 1028 1530 est
1068 1487 1252 1528 animae.
1316 1481 1559 1525 Divinitatis
1605 1479 1778 1521 nomine
1820 1476 1965 1517 anima

326 1575 393 1616 hic
421 1573 640 1625 accipitur.
707 1569 800 1609 Vel:
829 1567 985 1615 Timet,
1007 1578 1060 1605 ne
1084 1564 1360 1615 separaretur
1383 1573 1407 1600 a
1429 1558 1667 1599 divinitate.
1720 1555 1793 1595 Vel
1823 1554 1963 1596 aliter:

329 1652 591 1704 ,Separatur‘
638 1646 845 1699 accipitur
890 1656 967 1696 pro
1015 1642 1226 1690 ,differt-e‘,
1272 1641 1319 1679 ut
1358 1635 1674 1689 Porphyrius&
1731 1632 1968 1684 Separatur

330 1727 539 1779 Aethiops
583 1739 606 1765 a
652 1735 802 1777 cygno,
850 1720 890 1761 id
938 1722 1001 1760 est
1045 1718 1198 1759 differt.
1261 1716 1325 1755 Ita
1371 1716 1413 1754 et
1457 1712 1536 1752 hic.
1601 1711 1711 1751 Caro
1760 1707 1968 1748 moritura

275 1819 290 1843 2
330 1802 603 1857 separatione
644 1797 892 1847 divinitatis,
927 1796 969 1835 id
1011 1796 1075 1835 est
1108 1791 1345 1834 secundum
1389 1789 1483 1838 hoc,
1520 1787 1636 1840 quod
1681 1786 1920 1837 separatur,
1961 1780 1964 1837 l

330 1881 372 1922 id
411 1881 476 1920 est
515 1877 668 1926 differt,
713 1888 737 1915 a
771 1873 1008 1921 divinitate,
1048 1870 1089 1910 id
1133 1875 1196 1910 est
1236 1867 1430 1908 Christus
1463 1864 1697 1904 moriturus
1730 1859 1967 1901 secundum

331 1956 647 1998 humanitatem
681 1952 839 1993 clamat
873 1952 914 1990 et
947 1948 1076 1989 dolet.

476 2078 496 2111 3
522 2071 750 2115 humanatus]
791 2084 835 2105 an
880 2068 1085 2104 animatus?
1154 2067 1252 2099 Licet
1289 2064 1489 2106 (mnbigflcum
1527 2061 1696 2104 quiddmn
1739 2060 1772 2090 ln
1803 2069 1876 2091 noce
1902 2056 1972 2090 ani-

333 2139 451 2172 matus
478 2138 576 2179 insit,
602 2136 685 2177 qula
713 2138 785 2166 tam
812 2131 1064 2164 (mimatz'onem
1091 2127 1250 2168 corporis
1277 2126 1349 2165 (11.1
1365 2128 1395 2155 et
1414 2124 1478 2163 10),
1505 2132 1609 2163 quam
1630 2119 1734 2152 Verbi
1754 2128 1830 2150 cum
1851 2118 1972 2149 [mima

335 2210 354 2230 a
377 2207 522 2239 corpore
542 2198 711 2237 .>·epa.rata›
731 2193 831 2235 (quae
862 2191 962 2231 infra
995 2200 1023 2221 v.
1058 2189 1077 2220 4
1114 2184 1262 2230 spiritus
1294 2181 1516 2226 appellatur)
1550 2180 1825 2212 coninsat-tionem
1855 2177 1972 2218 (1195

334 2270 362 2290 2³.
391 2256 455 2296 21)
487 2255 691 2297 sifflzificccre
713 2252 841 2294 potnit.
874 2248 1082 2282 Bcwumker.
1201 2244 1223 2277 4
1249 2240 1436 2275 rationalis
1462 2238 1640 2273 coloratus
1668 2238 1698 2270 J}
1715 2239 1757 2269 A.
1874 2235 1893 2267 5
1922 2244 1974 2267 as-

336 2315 532 2359 sumpsisse
563 2314 602 2346 B.
742 2311 906 2343 naturam
933 2319 997 2339 om.
1026 2306 1067 2338 B.
1212 2301 1253 2335 10
1281 2299 1477 2344 assumpsit
1505 2298 1544 2331 Β.
1687 2296 1726 2329 11
1757 2293 1818 2338 511]
1846 2295 1901 2327 051
1933 2293 1972 2326 Β.

339 2375 381 2408 18
408 2373 518 2417 accipi
549 2373 590 2405 Β.
696 2367 872 2403 differenti
901 2368 941 2400 B.
1050 2362 1216 2397 Porfilius
1244 2365 1271 2394 Α
1291 2363 1332 2394 Β.
1456 2358 1498 2392 19
1525 2356 1665 2399 ethiops
1693 2358 1723 2388 A
1751 2353 1899 2398 ephiops
1929 2354 1970 2387 Β.

338 2435 382 2468 20
409 2445 436 2468 s.
465 2433 497 2468 d.
524 2432 545 2468 i.
563 2434 590 2464 A
615 2431 655 2466 Β.
730 2429 773 2462 21
802 2427 859 2461 vel
881 2439 901 2460 a
920 2425 1107 2459 divinitate
1130 2422 1293 2456 Christus
1325 2418 1517 2453 moriturus
1534 2420 1575 2451 Α,
1650 2414 1694 2448 22
1722 2413 1817 2447 (10101
1837 2423 1915 2445 cum
1933 2411 1972 2446 Β.

339 2549 447 2583 etiam
472 2547 576 2581 homo
613 2557 654 2579 ea
685 2544 832 2583 ratione,
874 2541 956 2584 quia
982 2538 1043 2572 illa
1071 2537 1149 2578 duo,
1176 2535 1315 2570 scilicet
1341 2532 1460 2567 anima
1486 2534 1522 2565 et
1547 2541 1639 2571 caro,
1676 2532 1760 2562 sunt
1785 2526 1975 2561 coniuncta

341 2609 433 2643 inter
453 2619 491 2641 se
511 2608 651 2639 ratione
673 2613 864 2637 concursus
882 2601 1058 2643 partium,
1074 2606 1233 2640 quarum,
1250 2596 1290 2627 ut
1304 2593 1391 2626 dicit
1405 2590 1638 2634 Augustinus,
1655 2588 1752 2622 facta
1766 2588 1821 2620 est
1836 2585 1975 2619 divisio.

486 2665 495 2682 ¹
524 2665 568 2698 of.
604 2662 796 2701 Gilbert‚
832 2671 865 2704 p.
902 2657 990 2693 1402
1022 2656 1071 2692 D:
1113 2654 1321 2697 Quicunque
1352 2662 1437 2685 vero
1471 2649 1540 2683 iam
1582 2647 1765 2681 dissolutis
1797 2645 1916 2679 anima
1942 2645 1978 2677 et

342 2737 487 2770 corpore
514 2735 584 2757 non
611 2724 665 2756 est
690 2721 807 2755 homo.
834 2718 949 2752 adhuc
975 2718 1031 2750 est
1056 2725 1185 2758 corpus
1212 2715 1248 2746 01
1273 2710 1431 2756 spiritus.

485 2782 498 2800 ‘²
524 2780 703 2816 Roland.
731 2791 763 2824 p.
794 2777 875 2812 191:
904 2776 1002 2810 Tunc
1029 2774 1122 2808 enim
1148 2783 1273 2805 verum
1299 2771 1405 2808 esset,
1433 2771 1469 2802 et
1489 2766 1643 2800 Verbum
1665 2765 1720 2799 bis
1741 2763 1975 2802 incarnatum,

344 2845 373 2878 si
399 2843 576 2877 humanae
602 2841 752 2874 naturae
778 2836 1025 2879 integritatem
1050 2833 1106 2866 bis
1132 2829 1398 2875 assumpsisset.

488 2900 500 2918 ³
525 2901 570 2936 cf.
598 2910 706 2944 supra
732 2909 764 2942 p.
791 2894 861 2930 67*
888 2906 922 2929 V.
952 2893 1005 2928 10.

488 2960 498 2978 ⁴
526 2956 767 3003 Porphyrii
792 2956 944 2998 Isagoge
972 2965 992 2987 a
1012 2950 1161 2985 Boethio
1180 2947 1368 2987 translata,
1390 2945 1585 2980 Comment.
1608 2944 1643 2977 in
1666 2943 1814 2977 Aristot.
1837 2951 1977 2985 graeca,

346 3021 400 3056 ed.
428 3020 536 3056 Acad.
564 3029 638 3061 reg.
668 3017 811 3050 Boruss.
862 3012 940 3048 Vol.
969 3011 1018 3045 IV
1044 3022 1076 3055 p.
1105 3009 1160 3049 39,
1191 3007 1338 3041 13—14.
1392 3004 1602 3046 ...nigrum
1635 3014 1720 3036 vero
1747 3012 1836 3041 esse,
1864 3000 1980 3033 inse-

346 3078 614 3125 parabiliter
645 3086 752 3111 corvo
785 3075 821 3108 et·
857 3069 1071 3115 Aethiopi
1106 3067 1246 3102 accidit.
1320 3064 1548 3105 Boethius,
1596 3064 1781 3097 Comment.
1821 3063 1858 3093 in
1896 3061 1980 3092 Por-

342 3140 516 3183 phyrium
542 3149 562 3171 α
595 3148 629 3170 se
656 3135 874 3169 translatum
894 3131 932 3165 L.
947 3129 991 3165 V.
1007 3128 1089 3173 (PL.
1105 3128 1160 3169 64,
1179 3126 1244 3160 132
1261 3124 1300 3166 C)
1320 3125 1367 3159 cf.
1386 3123 1445 3158 lib.
1466 3122 1510 3158 V.
1534 3122 1614 3165 (PL.
1631 3122 1686 3160 64,
1702 3120 1767 3155 156
1782 3118 1819 3160 C,
1838 3117 1903 3152 158
1925 3118 1979 3158 A).

1990 1870 2008 1895 f.
2021 1870 2054 1895 94
2064 1868 2093 1894 vs'
