2106 3453
319 226 360 260 12
371 224 387 241 *
908 223 1113 257 Sententiae
1141 223 1354 258 divinitatis.

458 328 583 378 Quod
617 330 760 369 autem
804 327 957 368 dicitur
990 327 1104 367 Deus
1137 326 1297 379 aliquid
1338 326 1631 378 imperfectum
1667 324 1732 365 vel
1765 323 1946 365 informe

319 417 497 454 creasse,
580 418 665 445 non
730 405 876 453 obest,
941 404 1147 456 quoniam
1212 404 1266 444 ad
1328 403 1696 454 comparationem
1772 402 1946 443 maioris

317 481 645 534 pulchritudinis
690 483 765 521 aut
814 481 1102 533 perfectionis,
1157 494 1265 532 quas
1319 480 1499 532 ipsemet
1552 492 1628 531 per
1669 493 1714 520 se
1768 479 1946 528 addidit,

319 559 495 611 quando
541 558 744 610 oportuit,
789 558 950 598 dictum
998 560 1074 607 est,
1138 558 1247 598 sicut
1280 557 1434 598 cotidie
1469 557 1568 597 facit
1600 569 1756 608 pueros
1789 557 1946 608 imper-

265 651 280 675 5
319 636 451 676 sectos
479 637 689 687 quantum
719 635 774 675 acl
814 637 1108 685 augmentum,
1143 635 1259 686 quod
1292 634 1477 686 supersit
1515 634 1717 686 perfectio
1746 634 1947 685 partium,

268 1040 300 1064 10

270 1814 303 1839 ΞΟ

319 713 359 753 id
394 715 458 753 est
490 725 711 761 manuum,
746 712 905 764 pedum
938 712 1209 763 aliorumque
1242 712 1551 752 membrorum.

466 790 547 840 Qui
588 790 683 829 υἱυὶί
721 789 764 828 m
806 792 1029 840 aetermmn,
1072 789 1222 828 creavit
1263 789 1400 828 omniu
1442 788 1566 827 sima
1600 787 1775 841 (Eeclus.
1813 789 1880 838 18,
1909 786 1949 839 1)

319 868 360 908 in
395 866 609 907 materia
643 879 793 906 verum
827 867 903 914 est;
940 865 1005 905 vel
1042 866 1192 905 creswit
1223 866 1367 906 onmia
1397 865 1535 914 simul,
1570 864 1610 904 id
1645 867 1708 904 est
1734 864 1949 918 disposuit.

320 945 372 985 Et
403 944 508 985 haec
544 943 756 984 sententia
789 943 1055 995 probabilior
1088 944 1163 983 est.

461 1022 500 1062 4.
536 1021 644 1062 Cum
683 1020 792 1060 inter
830 1019 997 1060 divinos
1037 1020 1095 1061 ita
1138 1021 1308 1064 constat
1341 1020 1475 1060 Deum
1509 1032 1677 1059 creasse
1711 1018 1950 1067 materiam,

320 1098 606 1151 quaeritur,
647 1097 850 1149 quando
886 1099 931 1137 et
966 1097 1047 1137 ubi
1082 1099 1131 1137 et
1164 1096 1331 1148 qualis
1365 1099 1541 1137 creata
1573 1096 1676 1136 sit1.

463 1175 752 1227 Respondeo:
799 1174 992 1224 Constat,
1049 1173 1165 1226 quod
1220 1176 1465 1225 temporum
1522 1173 1563 1213 in
1618 1172 1841 1225 principio,
1895 1173 1953 1213 ita

321 1252 494 1302 scilicet,
529 1254 575 1292 ut
597 1251 721 1292 simul
749 1251 968 1303 coeperint
999 1264 1090 1292 esse
1112 1253 1283 1303 tempus
1307 1253 1348 1291 et
1375 1250 1567 1299 materia,
1602 1252 1644 1291 et
1674 1250 1825 1291 eodem
1846 1252 1954 1291 tem-

320 1343 425 1382 pore
458 1329 648 1379 angelus,
683 1329 735 1370 de
768 1342 853 1381 quo
887 1328 1057 1369 dicitur:
1103 1327 1245 1368 Primo
1278 1328 1459 1367 omnium
1492 1331 1627 1367 creata
1665 1331 1721 1367 est
1752 1327 1954 1380 sapientia

288 1406 604 1460 5(Eccli.1‚4),
638 1419 724 1446 non
758 1408 858 1447 aute
891 1406 1040 1446 mundi
1075 1405 1438 1455 constitutionem,
1473 1404 1581 1446 sicut
1614 1404 1790 1456 quidam
1825 1404 1955 1445 Grae-

321 1497 468 1526 corum
492 1483 857 1524 existimaverunt.
911 1483 988 1524 Cui
1009 1482 1248 1524 sententiae
1269 1482 1463 1523 alludens
1485 1482 1826 1534 Hieronymus
1849 1480 1953 1521 ait2:

322 1561 427 1612 Quis
472 1561 562 1611 scit,
610 1562 715 1612 quot
760 1560 883 1601 annis
929 1563 969 1601 et
1015 1562 1120 1612 quot
1164 1559 1307 1600 lustris
1352 1561 1451 1601 ante
1491 1559 1640 1599 mundi
1685 1558 1954 1599 constitutio-

322 1651 420 1679 nem
455 1638 594 1689 angeli
627 1637 914 1678 laudaverunt
947 1639 1183 1677 creatorem
1220 1638 1373 1676 suum?
1418 1635 1527 1694 Huic
1560 1635 1801 1675 Salomon
1839 1634 1955 1674 simi-

322 1715 417 1756 liter
455 1715 649 1755 alludens
689 1714 808 1755 dicit:
862 1715 962 1765 Quis
1007 1715 1092 1765 scit,
1132 1714 1167 1753 3ῑῖ
1206 1714 1379 1766 spiritus
1413 1713 1683 1752 iemvefztomwz
1720 1711 1958 1763 conferatur

325 1792 516 1845 infel-iem,
550 1792 726 1832 homnis
757 1792 948 1844 superins
972 1790 1112 1835 (Ecclzss.
1137 1792 1175 1841 3,
1200 1791 1299 1841 21);
1331 1789 1446 1842 quod
1475 1789 1513 1829 in
1543 1788 1795 1840 quaestione
1821 1788 1955 1840 ponit,

323 1883 400 1922 pro
434 1869 648 1910 sententia
682 1882 767 1909 non
795 1868 961 1909 asserit.
1027 1867 1264 1920 Eapropter
1286 1867 1466 1906 dicimus
1488 1868 1658 1918 tempus
1681 1868 1957 1906 concreatum

324 1960 416 1987 esse
450 1946 668 1995 materiae,
709 1945 809 1998 quia
843 1945 981 1997 ipsum
1018 1947 1081 1985 est
1116 1943 1413 1985 mutabilitatis
1448 1943 1673 1993 successio,
1716 1956 1827 1995 quae
1861 1956 1956 1983 cuni

325 2024 505 2065 materia
539 2022 735 2064 mutabili
769 2023 908 2074 coepit
942 2036 1046 2063 esse.

466 2150 485 2183 2
513 2162 654 2184 creasse
683 2156 762 2193 post
793 2149 889 2183 Deus
912 2162 994 2192 [nm.
1018 2150 1063 2181 H.
1186 2146 1300 2190 obest]
1338 2149 1443 2180 nocet
1466 2148 1509 2179 H.
1641 2145 1954 2189 comparationem]

325 2210 565 2254 operationem
583 2212 623 2243 B.
722 2210 742 2243 3
769 2207 1056 2253 pulchritudinis]
1078 2206 1307 2250 perfectionis
1334 2208 1394 2239 aut
1422 2205 1696 2249 pulchritudinis
1718 2206 1763 2238 H.
1863 2203 1957 2237 addi-

332 2269 384 2303 dit
414 2275 496 2312 posw‘
531 2269 696 2313 oportuit.
721 2281 792 2311 [νου
821 2270 868 2301 H.
985 2268 1005 2300 4
1032 2266 1163 2299 dictum
1192 2266 1259 2307 est}
1289 2265 1354 2298 dici
1384 2264 1489 2298 debet
1517 2266 1561 2298 H.
1672 2264 1763 2297 5-ss
1790 2263 1958 2307 supersit}

326 2328 497 2372 sequitur,
538 2328 600 2361 sed
636 2330 755 2361 tamen
782 2326 960 2371 perfectos
987 2325 1030 2358 ad
1061 2336 1244 2358 numerum
1287 2324 1441 2368 partium
1479 2334 1645 2357 manuum
1667 2322 1804 2356 scilicet
1830 2322 1959 2366 pedum

326 2390 361 2421 et
395 2390 592 2421 ceterorum
620 2385 857 2419 membrorum
885 2386 920 2418 et
945 2384 1033 2418 haec
1060 2384 1241 2417 sententia
1267 2382 1483 2426 probabilior
1520 2382 1660 2415 videtur
1688 2383 1734 2415 H.
1855 2381 1874 2414 9
1902 2383 1957 2414 est

326 2459 389 2481 om.
412 2449 456 2480 A.
580 2447 618 2478 11
649 2447 684 2478 et
711 2450 794 2488 post
824 2443 882 2477 ubi
916 2445 1045 2476 addida?
1072 2454 1112 2475 ex
1135 2444 1179 2476 H.
1298 2447 1379 2485 post.
1412 2441 1459 2475 sit
1486 2443 1567 2474 add.
1596 2440 1746 2474 materia
1773 2451 1890 2473 rerum
1913 2440 1958 2474 H.

329 2507 370 2540 12
405 2505 601 2550 respondeo
637 2516 700 2537 om.
723 2506 763 2537 H
793 2505 875 2536 add.
914 2502 985 2536 sed.
1122 2504 1318 2545 temporum
1349 2506 1431 2544 post
1467 2500 1502 2533 in
1538 2499 1710 2544 principio
1740 2511 1824 2542 pon.
1853 2500 1894 2532 H
1916 2499 1958 2533 Β.

329 2566 370 2599 13
390 2570 468 2608 post
495 2566 529 2597 et
556 2565 638 2597 add.
667 2564 701 2597 in
730 2565 775 2597 H.
878 2562 920 2595 14
940 2561 981 2594 de
1009 2573 1077 2605 qua
1105 2571 1141 2593 re
1169 2560 1301 2594 dictum
1331 2562 1386 2593 est
1412 2560 1527 2603 prima
1554 2561 1601 2593 H.
1702 2559 1741 2592 1-5
1770 2557 1895 2592 Graeci
1913 2559 1959 2591 H.

329 2625 370 2658 16
398 2624 460 2665 ait]
489 2623 575 2656 dicit
597 2625 641 2657 H.
732 2622 771 2655 17
799 2621 880 2665 scit]
907 2621 1005 2654 novit
1023 2622 1068 2653 H.
1143 2619 1245 2653 annis
1268 2621 1330 2653 aut
1356 2619 1480 2652 lustris
1496 2620 1542 2652 H.
1619 2620 1701 2651 ante
1727 2617 1895 2651 mundum
1914 2618 1959 2651 H.

330 2683 371 2717 18
393 2683 437 2716 Et
463 2682 646 2716 consimile
661 2681 825 2715 Salomon
842 2680 927 2713 dicit
950 2680 983 2713 in
1007 2679 1157 2723 quodam
1173 2678 1248 2712 loco
1260 2680 1306 2713 H.
1375 2678 1455 2719 scit]
1470 2677 1626 2712 novitH.
1707 2677 1746 2710 19
1768 2676 1959 2710 feraturH.

327 2742 463 2777 20—21
475 2742 566 2786 quod
579 2741 626 2785 in]
636 2741 769 2774 Neuter
780 2743 899 2774 tamen
912 2739 1011 2783 ponit
1023 2739 1087 2772 hoc
1099 2750 1160 2782 pro
1173 2738 1361 2777 sententia,
1372 2737 1463 2781 quod
1476 2737 1510 2770 in
1523 2736 1730 2780 quaestione
1744 2735 1906 2779 proponit
1914 2737 1958 2769 H.

327 2804 514 2847 propterea
527 2804 572 2835 H.
640 2800 780 2834 ⁴21›22
797 2799 903 2833 simul
920 2801 1040 2832 creata
1059 2809 1136 2832 esse
1153 2799 1295 2841 tempus
1312 2799 1348 2830 et
1367 2796 1555 2830 materiam
1575 2798 1616 2831 H.
1693 2796 1736 2828 22
1764 2795 1878 2838 ipsum
1891 2793 1959 2837 est]

328 2862 443 2906 ipsum
470 2863 611 2905 tempus
640 2871 709 2893 non
740 2861 793 2893 est
824 2858 919 2892 aliud
946 2858 1012 2891 nisi
1036 2857 1289 2891 mutabilitatis
1317 2856 1496 2890 successio
1513 2857 1558 2889 H.
1681 2853 1782 2898 quae]
1814 2853 1905 2897 quod
1919 2856 1959 2886 A.

471 2976 482 2994 ¹
509 2976 707 3019 Hugonis
736 2977 864 3008 Adnot.
888 2976 973 3007 elac.
1000 2985 1028 3008 e.
1045 2972 1087 3008 V.
1117 2972 1222 3016 (p.34
1239 2974 1266 3005 Α
1291 2972 1355 3012 Β);
1383 2971 1428 3004 cf.
1457 2972 1508 3004 De
1534 2982 1684 3004 samum.
1713 2968 1791 3004 L.].
1818 2980 1850 3012 p.
1877 2968 1903 3002 l.
1931 2979 1960 3002 c.

331 3037 360 3070 5.
389 3035 444 3076 (L.
472 3047 501 3070 c.
528 3047 561 3080 p.
593 3035 681 3069 1890
710 3036 765 3073 D),
794 3034 904 3067 Petr.
933 3032 1073 3066 Lomb.
1102 3033 1195 3065 δρυΐ.
1222 3031 1258 3064 L.
1287 3031 1331 3065 11.
1360 3030 1391 3065 d.
1423 3029 1474 3063 12.
1502 3041 1531 3063 ο.
1559 3030 1592 3063 5.

472 3093 484 3111 ²
515 3098 701 3128 Commmzt.
731 3096 764 3126 e'n
795 3106 844 3136 (Ἰ),
873 3094 919 3125 αι]
949 3093 1016 3125 Tit.
1044 3103 1072 3125 C.
1100 3092 1125 3125 Ι.
1154 3090 1234 3125 (PL.
1262 3090 1316 3129 26,
1346 3089 1413 3122 560
1431 3090 1498 3129 Α).
