2106 3453
488 247 678 281 Tractatus
705 247 764 282 lV.
817 246 868 280 De
895 248 1117 280 sacramento
1144 245 1411 280 incarnationis.
1696 244 1766 279 89*

133 351 267 391 ravi⁶⁵
292 352 321 391 l:
358 351 604 400 ‚Moriturus
631 363 716 391 non
750 351 790 391 in
826 363 883 400 se,
918 350 993 391 sed
1020 350 1059 390 in
1090 350 1212 391 nobis
1239 350 1454 402 pavebat‘.
1520 350 1767 402 Hierony-

134 440 241 467 mus
275 440 428 479 super
450 427 632 467 Lucam
654 429 685 467 2:
722 426 1014 477 ‚Erubescant‚
1042 426 1113 479 qui
1144 428 1301 479 putant
1329 427 1547 467 Christum
1575 426 1768 466 timuisse

134 505 315 543 mortem
350 506 391 543 et
423 503 576 544 timore
609 503 759 543 mortis
796 502 968 543 dixisse:
1013 503 1060 542 δι’
1093 502 1281 555 possibile
1314 504 1406 543 etc,⁴
1443 502 1560 555 (sz.
1582 503 1652 553 ⁴212,
1680 500 1766 554 42).

134 579 330 620 Postulat
374 581 517 619 autem
564 592 648 619 non
693 578 846 619 timore
891 578 1053 627 mortis,
1100 578 1173 618 sed
1220 591 1367 619 amore
1409 578 1563 630 prioris
1605 578 1766 630 populi,

134 669 186 696 ne
213 656 268 696 ab
295 669 345 696 eo
373 655 537 696 biberet
559 655 732 696 calicem
754 655 979 707 passionis.
1045 655 1094 695 Et
1125 654 1354 695 Hilarius
1388 655 1537 695 dicit3:
1573 655 1768 696 Christus

134 745 355 784 nunquam
388 731 537 779 doluit.
569 744 791 783 nunquam
825 731 978 772 timuit.
1032 731 1115 772 Sed
1145 732 1296 772 contra
1323 731 1424 771 dicit
1446 731 1769 782 Augustinus

134 821 286 860 super
300 808 555 849 Psalmum
580 808 737 857 „Deus
760 807 1034 848 ultionunst‘
1054 808 1092 847 4:
1119 806 1249 856 ‚Sicut
1269 820 1365 847 vere
1387 807 1574 859 suscepit
1594 819 1766 848 carnem

136 897 296 934 veram,
326 884 384 925 ita
411 896 510 924 vere
536 884 752 925 tristitiam
782 897 926 924 veram
957 886 997 924 et
1018 885 1231 924 mortem‘.
1272 883 1323 923 Et
1344 882 1443 924 alilei
1467 882 1638 924 dicitur:
1670 882 1770 922 Vere

134 961 351 1014 lcmzyzcores
385 964 544 1000 nostros
578 961 662 1013 ipae
695 960 787 1000 tulit
821 962 899 1000 etc.
936 959 1009 1012 (Is.
1033 962 1101 1011 53,
1125 959 1183 1013 4).
1247 959 1297 999 Et
1324 959 1445 1000 alibi:
1485 960 1623 1012 Coepit
1649 958 1771 999 desua

131 1050 278 1090 pavere
319 1041 354 1076 et
394 1036 552 1076 taedere
583 1040 617 1075 et
649 1040 822 1076 moestus
854 1049 934 1076 esse
961 1036 1126 1089 (Matth.
1150 1037 1219 1087 26.
1242 1036 1331 1088 37),
1367 1038 1408 1076 et
1434 1035 1616 1087 ipsemet
1644 1034 1765 1075 dicit:

147 1113 298 1153 Tristis
325 1116 381 1152 est
414 1113 556 1152 am'mcc
588 1125 676 1152 mea
713 1125 833 1166 usque
865 1112 920 1151 ad
951 1116 1118 1152 mortem
1152 1111 1318 1165 (Mattle.
1342 1112 1410 1159 26,
1432 1110 1521 1165 38).

278 1189 361 1230 Sed
409 1189 540 1239 dicas,
583 1188 698 1240 quod
744 1188 916 1229 tristitia
959 1188 1043 1229 alia
1085 1188 1364 1238 necessitatis,
1405 1188 1489 1229 alia
1522 1187 1768 1229 voluntatis.

135 1265 325 1306 Primam
367 1267 590 1305 removent
629 1265 794 1317 priores
828 1265 1121 1314 auctoritates,
1164 1264 1398 1306 secundam
1430 1266 1599 1317 ponunt
1632 1266 1769 1305 extre-

134 1355 232 1382 mae
274 1341 569 1382 auctoritates.
617 1365 667 1368 ——
717 1340 792 1382 Vel
831 1340 1011 1390 dicatur,
1055 1341 1170 1393 quod
1219 1341 1419 1392 negativa
1452 1340 1661 1393 particula
1695 1339 1771 1380 ali-

137 1417 312 1470 quando
358 1418 559 1459 absentat
606 1417 799 1467 modum⁷
852 1417 1087 1469 aliquando
1137 1430 1242 1458 rem.
1335 1417 1549 1458 Absentat
1591 1415 1769 1457 modum
1811 1430 1824 1454 5

137 1496 178 1535 et
219 1507 306 1534 non
352 1507 456 1543 rem,
502 1496 548 1533 ut
595 1492 669 1533 ibi:
716 1493 811 1533 Non
853 1492 1065 1533 ascendam
1100 1493 1155 1533 ad
1186 1493 1289 1533 diem
1321 1492 1473 1545 fest-um
1507 1492 1618 1546 (doh.
1643 1493 1682 1544 7,
1704 1490 1771 1544 &);

137 1570 327 1612 ascendit
374 1569 547 1622 quidem
596 1569 652 1610 ad
691 1569 804 1610 diem
843 1569 1013 1619 festum⁷
1060 1569 1134 1610 sed
1173 1583 1258 1610 non
1303 1583 1352 1610 eo
1386 1570 1469 1610 fine
1502 1582 1588 1621 quo
1621 1568 1772 1610 Judaei

136 1646 355 1697 volebant,
390 1646 444 1688 ad
479 1645 813 1687 ostentationem
836 1645 993 1687 scilicet
1027 1648 1067 1687 et
1088 1646 1267 1697 gloriam
1288 1659 1431 1695 suam;
1466 1649 1506 1687 et
1540 1645 1598 1687 sic
1630 1658 1772 1685 remo-

137 1724 197 1764 vit
230 1726 359 1774 ‚non‘‚
399 1722 600 1773 negativa
632 1722 857 1775 particula,
898 1735 983 1762 non
1018 1736 1258 1773 ascensum,
1301 1723 1376 1764 sed
1409 1723 1586 1763 modum
1622 1734 1772 1763 ascen-

137 1799 280 1841 sionis.
345 1799 397 1839 Et
441 1799 554 1839 hunc
593 1799 770 1839 modum
811 1799 973 1840 faciunt
1011 1812 1161 1840 omnes
1195 1799 1289 1840 illae
1322 1799 1614 1848 auctoritates,
1661 1811 1772 1851 quae
1793 1812 1815 1837 2.

136 1876 336 1917 videntur
376 1876 603 1916 ostendere
636 1875 852 1917 Christum
898 1889 1120 1928 nunquam
1162 1876 1371 1917 timuisse.
1435 1876 1680 1917 Absentant
1713 1875 1773 1915 vi-

138 1952 292 1994 delicet
336 1966 422 1993 non
468 1965 572 2003 rem,
619 1953 659 1993 id
707 1956 771 1993 est
815 1953 1086 1994 affectionem
1126 1952 1324 1994 tristitiae
1364 1953 1429 1994 vel
1472 1952 1650 2002 timoris,
1696 1952 1771 1993 sed

137 2029 313 2069 modum
348 2028 547 2070 tristandi
580 2029 645 2070 vel
678 2029 870 2072 timendi.

281 2224 297 2257 1
321 2229 403 2266 post
428 2222 620 2256 moriturus
647 2224 729 2256 add.
759 2223 789 2254 R
816 2221 991 2256 Christus.
1192 2223 1209 2255 7
1238 2228 1266 2256 et
1294 2223 1314 2255 8
1353 2234 1475 2256 veram
1502 2234 1543 2255 (⁷oe
1570 2224 1771 2265 Αῑιψιεΐῖνιο

139 2285 198 2326 (cf.
224 2296 257 2318 rn.
287 2286 338 2326 4η
374 2294 488 2316 meam
525 2283 615 2316 ΑΒ.
759 2281 799 2316 12
838 2281 873 2315 in
908 2282 1058 2316 tristitia
1093 2282 1164 2316 alia
1199 2282 1397 2316 necessitas
1429 2282 1500 2316 alia
1535 2281 1702 2316 volunta-s
1729 2284 1770 2315 A·

141 2343 182 2376 13
210 2343 345 2387 primae
368 2344 408 2378 Β.
510 2342 550 2375 14
572 2347 654 2385 post
674 2340 766 2385 quod
788 2343 869 2377 add.
892 2342 925 2374 Β
944 2353 1024 2375 non.
1125 2341 1167 2376 18
1194 2344 1231 2375 et
1248 2354 1313 2376 om.
1334 2343 1376 2378 B.
1459 2342 1503 2376 20
1525 2343 1572 2383 et]
1599 2342 1706 2375 etiam
1728 2347 1770 2375 A.

281 2503 290 2521 ¹
318 2503 500 2547 August.
540 2504 677 2537 Etzarr.
716 2506 747 2538 52.
785 2506 822 2537 in
856 2505 984 2546 psalm.
1021 2503 1076 2538 30.
1111 2516 1142 2538 n.
1180 2504 1211 2537 3.
1241 2502 1321 2545 (PL.
1349 2503 1404 2544 36,
1431 2503 1531 2543 231):
1578 2502 1772 2536 Moriturus

139 2575 223 2607 ergo
250 2575 294 2597 ex
321 2575 372 2603 eo,
400 2562 492 2607 quod
519 2564 677 2596 nostrum
704 2562 869 2603 habebat,
896 2574 964 2596 non
991 2562 1026 2596 in
1053 2574 1101 2603 se,
1129 2563 1191 2597 sed
1219 2562 1254 2596 in
1280 2562 1382 2596 nobis
1409 2562 1573 2607 pavebat.

281 2621 294 2639 ‘³
319 2622 498 2656 Hieron.
545 2623 732 2656 Comment.
768 2625 804 2655 iu
845 2624 971 2656 Matth.
1005 2621 1042 2657 L.
1070 2623 1131 2657 IV.
1158 2634 1187 2656 c.
1215 2623 1272 2657 26.
1299 2634 1332 2655 v.
1362 2623 1391 2655 1.
1433 2622 1514 2663 (PL.
1541 2622 1596 2662 26,
1629 2620 1693 2655 190
1712 2622 1770 2660 Bi:

140 2682 370 2721 Erubescant,
407 2681 466 2725 qui
504 2683 631 2725 putant
676 2681 897 2715 Salvatoreni
936 2681 1100 2716 timuisse
1139 2684 1300 2723 mortem,
1353 2683 1388 2715 et
1426 2681 1602 2725 passionis
1640 2692 1772 2725 pavore

140 2741 293 2775 dixisse:
323 2743 438 2784 Pater,
464 2744 496 2774 si
519 2742 600 2783 fieri
620 2746 734 2784 potest
761 2746 819 2774 etc.
848 2743 953 2781 (Luc.
975 2745 1030 2785 22,
1053 2742 1128 2782 42).

283 2798 295 2817 ³
322 2799 374 2833 Ad
402 2799 548 2833 verbum
576 2799 663 2834 haec
697 2800 731 2833 in
758 2800 903 2844 scriptis
930 2800 963 2834 S.
992 2800 1153 2835 Hilarii
1181 2813 1249 2834 non
1277 2800 1521 2840 inveniuntur;
1560 2800 1622 2834 sed
1648 2800 1693 2835 cf.
1721 2802 1773 2834 De

144 2862 272 2894 Trinit.
308 2860 346 2894 L.
372 2859 415 2893 X.
443 2872 475 2894 n.
510 2860 540 2894 9.
575 2871 653 2904 sqq.
687 2859 768 2902 (PL.
790 2860 844 2901 10,
865 2860 933 2894 349
960 2861 1063 2904 sqq.).
1123 2860 1252 2894 Fusius
1278 2860 1320 2893 de
1346 2859 1525 2894 sententia
1552 2859 1584 2894 S.
1610 2859 1773 2894 Hilarii

139 2920 273 2953 tractat
296 2919 408 2953 Petr.
436 2919 575 2954 Lomb.
602 2921 694 2953 Sent.
721 2919 743 2954 l.
771 2919 831 2955 HI.
860 2919 891 2953 d.
922 2920 975 2954 16.
1003 2931 1031 2954 o.
1062 2920 1091 2954 1.

282 2978 295 2995 ⁴
335 2981 496 3014 jum-rai&
532 2982 571 3011 in
604 2980 659 3013 Ps.
699 2982 752 3012 93.
779 2991 812 3012 n.
841 2978 895 3014 19.
925 2978 1004 3021 (PL.
1026 2979 1081 3019 36,
1113 2978 1235 3019 1208):
1280 2978 1430 3012 Prorsus
1464 2979 1591 3020 tristis,
1627 2979 1690 3013 sed
1717 2991 1773 3013 vo-

140 3037 278 3072 luntate
305 3038 503 3082 suscipiens
534 3038 731 3079 tristitiam,
766 3038 939 3082 quomodo
966 3038 1151 3072 voluntate
1177 3038 1376 3082 suscipiens
1403 3050 1564 3082 carnem3
1599 3039 1772 3083 quomodo

141 3097 324 3131 voluntate
350 3109 492 3131 carnem
519 3109 650 3138 veram,
679 3098 729 3132 sic
756 3098 941 3132 volunta-te
967 3097 1153 3131 tristitiam
1181 3109 1313 3131 veram.

1792 1046 1823 1070 10
