2106 3453
259 1048 291 1072 10

260 1425 291 1449 15

313 244 381 281 66*
911 243 1115 281 Sententiae
1142 242 1353 281 divinitatis.

311 352 438 400 Deus,
479 350 615 390 factus
658 351 721 390 est
766 347 926 390 homo‘.
990 347 1113 397 Quod
1161 349 1273 389 enim
1319 348 1437 401 prius
1472 351 1576 397 erat,
1623 347 1780 389 scilicet
1813 347 1940 397 Deus,

311 439 510 479 persona,
545 427 760 474 aeternus,
806 424 941 466 factus
982 437 1067 465 non
1108 427 1184 474 est,
1231 424 1305 465 sed
1345 424 1459 476 quod
1504 437 1589 464 non
1634 427 1739 474 erat,
1785 423 1943 464 scilicet

313 504 525 552 creatura,
559 501 765 551 mortalis,
799 500 1025 553 passibilis,
1059 500 1323 552 temporalis.

456 577 541 619 Sed
575 577 729 618 dicitur
762 576 855 617 tibi:
891 576 935 616 Si
968 576 1081 616 Deus
1114 576 1251 616 factus
1284 578 1349 616 est
1381 574 1555 628 aliquid,
1589 575 1704 627 quod
1737 587 1824 615 non
1852 576 1944 615 erat

311 654 444 706 prius,
479 656 580 694 tunc
613 652 779 704 aliquid
812 654 876 693 est
916 652 919 705 ξ
962 652 1074 692 Deus
1107 651 1248 701 hodie,
1282 651 1397 703 quod
1432 664 1517 691 non
1553 651 1628 692 suit
1660 651 1714 691 ab
1747 652 1938 700 aeterno,
1960 666 2027 691 1189
2048 667 2083 691 v=·.

311 729 427 781 quod
468 728 585 769 nullo
624 727 754 768 modo
793 727 1115 768 concedendum
1163 729 1239 768 est.
1303 727 1393 768 Iam
1437 727 1547 767 enim
1595 729 1738 778 posset
1786 725 1941 775 inferri,

311 804 428 858 quod
460 817 609 845 recens
641 804 754 844 Deus
788 803 940 843 esset1.
1005 802 1072 843 Sic
1106 804 1251 843 autem
1285 802 1398 843 istud
1432 804 1575 854 potest
1606 802 1755 852 infligi:
1792 801 1943 842 Petrus

312 881 354 920 in
389 879 705 921 resurrectione
737 878 899 930 aliquid
934 878 1027 927 erit,
1061 877 1178 930 quod
1210 878 1341 918 modo
1375 890 1459 918 non
1504 880 1580 927 est,
1624 877 1724 929 quia
1767 877 1939 917 immor-

311 956 422 1006 talis,
458 955 746 1008 impassibilis.
811 954 906 994 Non
939 957 1085 995 tamen
1121 954 1215 994 ideo
1259 954 1338 995 erit
1380 954 1484 1005 ipse,
1528 954 1644 1005 quod
1685 952 1814 993 modo
1856 965 1942 992 non

312 1033 379 1074 sit.
442 1032 486 1072 Si
520 1031 698 1073 Michael
732 1030 860 1071 hodie
894 1043 1048 1083 corpus
1081 1032 1335 1079 assumeret,
1369 1030 1628 1081 efficeretur,
1672 1028 1786 1081 quod
1826 1029 1943 1081 prius

301 1121 398 1164 ‚non
432 1109 553 1149 erat?
616 1107 783 1159 Corpus
817 1107 945 1147 etiam
980 1106 1155 1158 aliquod
1189 1105 1382 1155 Michael,
1422 1104 1538 1158 quod
1581 1105 1708 1145 modo
1744 1118 1828 1145 non
1862 1105 1942 1145 sit?

311 1184 612 1237 Nequaquam.
676 1183 896 1235 Numquid
931 1196 981 1224 ex
1014 1196 1078 1232 eo,
1121 1182 1238 1234 quod
1271 1182 1414 1234 aliqua
1456 1194 1641 1234 persona
1683 1180 1828 1233 incipit
1867 1180 1942 1222 ali—

312 1259 415 1312 quid
448 1272 540 1301 esse
573 1259 640 1299 vel
673 1258 852 1300 alicuius
892 1260 1074 1298 naturae
1117 1260 1158 1298 et
1205 1257 1494 1310 proprietatis,
1539 1257 1657 1298 cuius
1698 1257 1816 1308 prius
1856 1269 1942 1296 non

312 1338 419 1386 erat,
454 1334 617 1387 aliquid
649 1335 765 1376 aliud
799 1334 978 1375 efficitur
1010 1334 1076 1374 vel
1110 1333 1255 1386 incipit
1289 1346 1383 1374 esse
1416 1336 1493 1374 aut
1527 1333 1605 1373 erit
1632 1333 1702 1374 illa
1728 1334 1943 1384 persona?

311 1412 409 1452 Non
443 1423 543 1462 ergo
577 1411 803 1460 concedaS,
837 1410 954 1462 quod
987 1409 1150 1462 aliquid
1183 1408 1297 1450 Deus
1329 1409 1385 1449 sit
1417 1408 1558 1459 hodie,
1599 1408 1714 1461 quod
1747 1421 1832 1449 non
1866 1408 1944 1449 fuit

311 1488 365 1528 ab
399 1490 589 1529 aeterno.
655 1486 698 1527 Si
732 1485 903 1526 dixerit:
969 1485 1111 1525 Homo
1145 1487 1209 1525 est
1241 1486 1367 1534 Deus,
1403 1487 1444 1525 et
1477 1484 1606 1525 homo
1640 1497 1726 1525 non
1768 1484 1844 1524 fuit
1887 1484 1942 1525 ab

310 1566 501 1613 aeterno,
536 1562 814 1614 respondeas,
858 1561 972 1613 quod
1007 1560 1201 1601 Christus
1244 1561 1319 1601 fuit
1352 1561 1407 1602 ab
1440 1563 1629 1601 aeterno.
1696 1560 1816 1601 Unde
1852 1560 1942 1612 ipse

310 1639 352 1679 in
398 1638 698 1690 Evangelio:
746 1639 979 1691 Aozteqtmm
1014 1637 1229 1677 Abraham
1259 1636 1385 1689 fieret,
1432 1650 1500 1690 690
1531 1649 1621 1676 Sum
1655 1636 1765 1689 (dole.
1799 1636 1940 1689 8,(58).

452 1714 577 1754 Item
626 1713 659 1753 si
704 1712 978 1754 adversarius
1025 1712 1078 1753 de
1129 1712 1386 1753 auctoritate
1440 1711 1644 1752 obiecerit
1690 1711 1779 1761 tibi,
1826 1711 1941 1763 quod

257 1807 272 1821 0
311 1790 440 1831 Filius
473 1789 548 1830 Dei
584 1802 670 1829 non
705 1791 768 1829 est
800 1787 1064 1840 temporalis,
1100 1801 1185 1828 non
1221 1789 1391 1828 constat
1423 1800 1473 1827 ex
1506 1787 1715 1840 partibus,
1757 1787 1856 1839 quia
1898 1787 1938 1827 in

310 1865 522 1906 Trinitate
555 1864 658 1905 nihil
690 1865 808 1917 prius
841 1877 891 1905 ac
931 1863 1158 1916 posterius,
1206 1863 1307 1904 nihil
1355 1863 1493 1904 maius
1527 1865 1602 1905 aut
1634 1863 1790 1910 minus,
1836 1863 1938 1903 nihil

309 1941 548 1994 temporale
582 1942 658 1982 aut
693 1940 1002 1990 transitorium,
1044 1939 1247 1981 consulas
1281 1940 1331 1989 ei,
1365 1941 1412 1980 ut
1444 1939 1553 1979 duos
1585 1939 1746 1980 habeat
1779 1939 1937 1980 oculos.

310 2018 419 2058 Cum
453 2017 505 2057 de
538 2016 708 2057 Christo
748 2016 949 2068 loquitur,
991 2028 1122 2055 unum
1165 2015 1269 2066 figat
1314 2015 1353 2055 in
1402 2015 1491 2055 eius
1528 2015 1808 2065 divinitatem,
1853 2028 1939 2067 qua

309 2093 412 2134 nihil
444 2092 563 2145 prius
600 2094 675 2133 aut
713 2091 940 2144 posterius,
989 2093 1030 2131 et
1074 2091 1258 2132 alterum
1305 2090 1459 2142 dirigat
1504 2090 1559 2132 ad
1605 2090 1695 2132 eius
1741 2090 1938 2131 humani-

255 2185 269 2209 Ξ
309 2172 457 2210 tatem.
520 2168 627 2209 Cum
670 2168 853 2209 audierit
893 2167 1044 2207 Filium
1079 2167 1154 2207 Dei
1193 2169 1431 2217 aeternum,
1479 2169 1693 2208 carentem
1728 2166 1937 2219 partibus,

453 2329 468 2361 1
497 2327 588 2372 quod
615 2329 754 2370 scripsi.
778 2329 807 2360 A
826 2329 857 2360 Β
878 2328 922 2360 W
934 2325 1005 2369 qui.
1104 2326 1124 2359 2
1153 2337 1221 2359 non
1248 2325 1340 2369 quod
1363 2328 1392 2370 A
1416 2325 1508 2369 quod
1536 2337 1603 2359 non
1634 2327 1665 2359 B
1686 2328 1738 2360 W.
1812 2326 1832 2359 3
1860 2336 1938 2370 pas-

308 2387 423 2422 sibilis
448 2387 656 2431 temporalis
682 2398 746 2420 om.
781 2388 830 2422 W.
939 2387 959 2418 4
986 2386 1041 2419 est
1067 2397 1131 2420 om.
1164 2387 1202 2418 B.
1314 2385 1332 2417 7
1361 2384 1466 2418 istud.
1495 2397 1559 2418 om.
1578 2386 1616 2418 Β.
1715 2384 1735 2417 8
1763 2385 1865 2418 modo
1882 2413 1889 2420 .
1906 2413 1936 2421 ..

307 2447 354 2481 im
378 2446 382 2491 Ι
405 2446 566 2480 mortalis
601 2448 693 2479 deest
727 2447 763 2478 in
792 2446 825 2477 R
850 2450 995 2487 propter
1027 2447 1223 2477 scis-suram
1253 2445 1348 2486 folii.
1447 2444 1466 2477 9
1494 2443 1570 2488 ipse
1597 2455 1660 2477 om.
1690 2446 1730 2479 R.
1832 2445 1873 2478 10
1901 2444 1936 2477 Si

309 2505 481 2541 ...hodie
508 2507 599 2539 deest
627 2507 662 2538 in
679 2506 720 2538 B.
822 2504 861 2538 11
891 2505 1037 2538 erat...
1053 2502 1207 2536 Michael
1240 2505 1331 2536 deest
1360 2506 1393 2536 in
1424 2505 1465 2538 B.
1573 2515 1641 2536 non
1667 2509 1745 2547 pos-t
1769 2503 1872 2537 modo
1899 2506 1935 2537 in

308 2568 339 2598 A
366 2566 527 2609 deletam,
555 2576 618 2599 om.
646 2565 688 2599 B.
802 2563 842 2596 12
870 2574 914 2596 ex
930 2591 936 2597 .
955 2590 961 2596 .
980 2592 986 2598 .
1002 2573 1154 2606 persona
1187 2564 1279 2595 deest
1314 2564 1349 2595 in
1370 2564 1412 2597 B.
1539 2563 1580 2596 13
1608 2564 1712 2598 et...
1735 2565 1813 2596 erat
1846 2565 1937 2596 deest

310 2626 345 2657 in
376 2625 415 2658 Β.
518 2624 560 2657 14
586 2622 732 2667 incipit.
750 2649 757 2656 .
775 2648 781 2656 .
797 2621 972 2655 concedas
997 2623 1090 2655 deest
1119 2623 1153 2654 in
1182 2623 1223 2654 B.
1324 2621 1365 2654 15
1392 2633 1459 2654 non
1476 2648 1483 2656 .
1502 2649 1508 2655 .
1527 2647 1532 2654 .
1551 2624 1695 2655 aeterno
1721 2624 1813 2655 deest
1835 2624 1872 2655 ιῗη
1895 2623 1934 2656 Β.

309 2683 350 2717 17
379 2682 422 2716 ab
439 2711 446 2718 .
462 2711 469 2719 .
488 2682 539 2717 ‚si
566 2684 660 2716 deest
686 2684 722 2714 in
749 2682 792 2715 B.
903 2681 948 2715 23
976 2680 1017 2714 de
1045 2679 1201 2724 Christo]
1230 2679 1356 2714 dextro
1372 2682 1414 2713 A.
1530 2680 1753 2725 loquaturA.
1851 2680 1934 2724 qua]

307 2742 391 2786 quia
405 2744 448 2778 Α.
546 2741 592 2775 24
618 2739 693 2784 aut]
721 2742 757 2774 et
772 2742 812 2776 B.
912 2739 1045 2782 dirigat
1073 2751 1137 2774 om.
1166 2741 1207 2774 Β.
1306 2739 1350 2773 25
1378 2741 1560 2773 aeternum
1588 2751 1652 2774 om.
1674 2743 1717 2775 Α.

308 2878 412 2920 Apol.
448 2877 565 2910 David
603 2877 719 2909 altera
758 2887 786 2909 c.
818 2875 870 2909 12.
897 2887 930 2908 n.
960 2875 1005 2908 64
1032 2873 1113 2914 (PL.
1137 2874 1189 2915 14,
1218 2874 1284 2908 913
1302 2876 1362 2915 A):
1409 2874 1486 2908 Etsi
1526 2875 1698 2919 suscepit,
1736 2875 1829 2919 quod
1866 2886 1934 2908 non

307 2937 393 2976 erat,
421 2947 489 2969 non
517 2934 655 2968 destitit
681 2936 801 2968 tamen
829 2946 917 2974 esse,
946 2933 1038 2977 quod
1065 2935 1152 2969 erat.

404 2993 413 3011 ¹
440 2994 485 3027 cf.
512 2994 625 3028 Petr.
652 2993 791 3029 Lomb.
827 2995 920 3029 Sent.
948 2993 970 3027 1.
997 2993 1059 3026 ΙΙΙ.
1088 2992 1119 3027 d.
1147 2992 1177 3029 7.
1205 3004 1233 3028 c.
1266 2994 1302 3027 l:
1347 2993 1446 3029 ...si
1485 2992 1547 3026 illa
1581 2993 1784 3027 substantia
1817 2994 1933 3038 coepit

307 3064 384 3087 esse
410 3052 507 3086 Deus
533 3054 569 3086 et
593 3052 689 3086 Deus
715 3052 789 3095 illa,
816 3052 988 3096 quaedam
1009 3052 1120 3095 igitur
1145 3052 1347 3086 substantia
1374 3054 1429 3086 est
1447 3051 1554 3093 Deus,
1582 3064 1672 3096 quae
1698 3064 1767 3086 non
1792 3064 1934 3097 semper

305 3111 374 3145 fuit
400 3111 518 3146 Deus.
535 3139 541 3145 .
559 3139 564 3145 .
580 3113 616 3145 et
640 3111 737 3145 Deus
763 3114 820 3145 est
846 3111 989 3155 aliquid,
1017 3111 1109 3155 quod
1135 3123 1204 3145 non
1230 3123 1371 3155 semper
1395 3111 1474 3145 fuit.
1513 3111 1557 3145 cf.
1585 3112 1642 3147 Ps.
1670 3111 1724 3150 80,
1749 3112 1802 3147 10.
