2106 3453
265 1022 297 1046 10

278 2169 312 2193 25

285 2546 318 2571 30

311 213 404 258 144ss
905 208 1110 252 Sententiae
1137 206 1349 250 divinitatis.

310 330 374 368 est
408 327 490 376 illa,
535 338 647 377 quae
687 323 852 364 occulte
885 321 1039 363 cotidie
1081 320 1223 372 agitur
1255 319 1343 360 sive
1387 318 1440 358 de
1473 315 1711 357 venialibus
1756 310 1844 354 sive
1886 306 1938 351 de

312 402 603 444 criminalibus
636 399 836 453 peccatis.
901 397 1077 438 Publica
1111 399 1151 436 et
1178 394 1396 436 sollemnis
1425 396 1488 434 est
1521 392 1604 441 illa,
1636 403 1747 442 quae
1775 389 1821 429 fit
1848 401 1939 427 om-

312 479 437 519 nibus
472 476 716 518 videntibus
750 478 791 516 et
824 475 863 514 in
898 475 1062 526 aperto,
1106 474 1147 513 et
1187 472 1241 511 ob
1274 470 1391 512 aliud
1433 468 1605 521 publica
1647 469 1688 507 et
1730 466 1784 506 ob
1826 463 1942 504 aliud

313 554 544 596 sollemnis.
609 552 785 593 Publica
818 551 972 591 dicitur
1005 562 1069 597 eo,
1104 547 1221 600 quod
1254 547 1296 587 in
1329 546 1449 586 vultu
1483 539 1687 585 ecclesiae
1719 541 1807 591 fiat,
1842 539 1942 592 quia

314 631 424 671 sicut
469 632 606 671 totam
653 627 875 669 ecclesiam
915 624 1235 673 scandalizavit,
1279 623 1337 663 ita
1378 624 1477 663 ante
1518 620 1654 672 ipsam
1695 615 1942 657 satisfaciat.

314 706 542 748 Sollemnis
576 704 729 745 dicitur
762 704 939 756 propter
972 700 1296 748 sollemnitates,
1331 711 1442 750 quae
1475 695 1532 736 ibi
1565 692 1761 736 adbiberi
1793 691 1943 732 solent.

315 782 653 823 lntroducuntur
686 779 797 821 enim
832 777 1103 830 paenitentes
1137 789 1161 816 a
1189 774 1414 816 sacerdote
1442 774 1542 813 ante
1569 770 1704 812 altare
1731 768 1788 810 ad
1816 767 1945 820 pedes

317 858 505 911 episcopi
526 856 651 898 nudis
674 855 869 907 pedibus,
898 856 939 894 et
961 866 1073 893 nunc
1095 851 1268 904 ponitur
1295 849 1475 891 cilicium
1499 859 1627 899 super
1648 847 1777 897 caput
1798 856 1945 884 eorum

317 937 362 975 et
395 935 536 975 cinere
569 933 857 983 asperguntur
890 932 931 970 et
965 930 1195 970 cantantur
1227 929 1393 978 septem
1426 923 1581 976 psalmi
1622 919 1948 975 paenitentiales

318 1024 446 1063 super
489 1009 561 1050 eis.
632 1007 794 1048 Deinde
837 1005 1009 1058 expellit
1051 1018 1124 1045 eos
1170 1003 1396 1056 episcopus
1441 1001 1494 1041 de
1540 998 1718 1040 ecclesia
1763 994 1947 1036 inferiori

318 1086 494 1127 stimulo
530 1085 687 1136 virgae.
753 1083 875 1132 Quae
909 1080 1053 1122 omnia
1088 1080 1213 1132 plena
1247 1080 1346 1119 sunt
1379 1075 1611 1129 mysteriis:
1660 1072 1796 1113 Nudis
1829 1070 1947 1123 pedi-

318 1164 398 1204 bus
431 1162 775 1210 introducuntur,
820 1158 919 1210 quia
952 1159 1115 1198 Vestem
1158 1156 1162 1206 l
1205 1152 1488 1199 innocentiae,
1532 1163 1661 1202 quam
1707 1149 1747 1188 in
1790 1146 1951 1198 baptis-

321 1242 436 1279 mate
464 1237 643 1289 accepit,
672 1235 828 1277 amisit.
893 1233 1074 1274 Ponitur
1100 1231 1282 1272 cilicium
1311 1242 1440 1281 super
1468 1229 1610 1280 caput,
1645 1225 1745 1277 quia
1776 1223 1953 1273 lugubre

321 1315 627 1355 vestimentum
661 1311 875 1363 significat
908 1310 1022 1350 illum
1069 1308 1260 1348 dolorem
1302 1308 1343 1346 et
1382 1302 1754 1355 compunctionem
1799 1299 1954 1339 debere

287 1403 493 1443 5semper
539 1389 698 1430 habere
743 1401 820 1441 pro
865 1385 1117 1427 commissis.
1193 1383 1345 1424 Cinere
1391 1382 1522 1432 caput
1561 1377 1813 1431 aspergitur,
1855 1373 1955 1427 quia

324 1467 428 1508 cinis
463 1465 671 1506 memoria
705 1463 812 1514 ignis
847 1465 923 1503 est.
988 1459 1209 1511 Significat
1236 1457 1353 1498 illum
1382 1455 1635 1497 memoriam
1663 1464 1832 1504 semper
1858 1463 1955 1503 pec-

326 1545 520 1584 catorum
556 1541 715 1582 habere
758 1541 800 1579 et
841 1551 919 1590 pro
961 1536 1062 1589 ipsis
1105 1532 1447 1576 erubescentiam
1494 1533 1535 1572 et
1580 1530 1772 1570 dolorem
1819 1526 1957 1568 cordis

326 1619 533 1659 obtinere.
598 1617 771 1668 Septem
807 1613 961 1666 psalmi
994 1610 1322 1665 paenitentiales
1357 1610 1588 1650 cantantur
1624 1617 1752 1657 super
1784 1616 1883 1643 eum
1916 1602 1958 1641 in

327 1698 441 1736 terra
482 1695 762 1745 prostratum,
805 1693 850 1731 nt
893 1689 1038 1731 omnia
1083 1689 1275 1740 peccata,
1321 1698 1433 1737 quae
1477 1682 1691 1724 commisit
1722 1679 1956 1721 secundum

273 1783 288 1808 Ξ
329 1784 483 1823 corpus
517 1772 558 1811 et
591 1768 783 1809 animam
817 1767 857 1806 in
892 1766 973 1806 ista
1007 1764 1107 1815 vita,
1142 1776 1254 1815 quae
1287 1764 1449 1813 septem
1480 1759 1631 1799 diebus
1666 1756 1862 1804 volvitur,
1897 1755 1959 1794 in-

331 1847 574 1897 telligantur
619 1843 774 1885 dimitti
826 1855 903 1894 per
947 1854 1094 1882 veram
1146 1838 1470 1891 paenitentiam.
1550 1832 1742 1874 inferiori
1787 1830 1960 1872 stimulo

328 1924 472 1975 virgae
506 1921 677 1974 expellit
709 1932 805 1960 eum
842 1918 1069 1970 episcopus
1103 1916 1154 1956 (le
1188 1914 1378 1956 ecclesia.
1442 1911 1618 1953 Inferior
1651 1910 1729 1950 iste
1763 1906 1960 1948 stimulus

330 1999 499 2051 pungit;
536 1997 747 2049 significat
779 1996 897 2035 illum
932 1992 1310 2045 compunctionem
1346 1989 1505 2030 babere
1538 2000 1615 2039 pro
1650 1985 1836 2038 peccatis
1862 1994 1962 2035 pro-

332 2078 426 2127 pter
460 2073 794 2126 increpationem
841 2074 881 2112 et
923 2068 1260 2111 admonitionem
1306 2068 1348 2106 et
1388 2063 1659 2105 dulcedinem
1704 2059 1834 2101 divini
1876 2070 1963 2098 ser-

334 2152 475 2192 monis
501 2163 630 2204 quem
665 2149 701 2190 ei
741 2148 967 2200 episcopus
1006 2143 1239 2198 praedicat.
1304 2141 1530 2182 Calceatus
1570 2140 1721 2190 postea
1760 2135 1800 2175 in
1836 2133 1966 2175 eccle-

334 2229 441 2269 siam
475 2227 529 2268 ab
570 2226 771 2278 episcopo
811 2221 1108 2270 introducitur,
1152 2222 1199 2259 ut
1241 2217 1528 2267 intelligamus
1562 2227 1659 2254 eum
1702 2225 1778 2264 per
1819 2209 1966 2263 paeni-

336 2305 514 2346 tentiam
539 2304 700 2343 vestem
732 2299 1003 2340 innocentiae
1035 2295 1369 2348 recuperavisse,
1400 2304 1530 2344 quam
1556 2288 1776 2342 peccando
1810 2285 1965 2327 amisit.

338 2382 387 2421 Et
419 2381 470 2420 de
504 2379 585 2420 hac
618 2376 906 2418 sollemnitate
939 2372 1186 2423 intelligitur
1219 2369 1454 2412 auctoritas
1487 2367 1576 2408 illa:
1624 2365 1720 2405 Non
1755 2364 1819 2404 est
1850 2362 1967 2402 locus

338 2455 553 2498 secundae
584 2452 893 2506 paenitentiae;
929 2453 971 2491 et
1003 2449 1090 2489 illa:
1127 2448 1245 2488 Sicut
1278 2445 1429 2486 unicus
1456 2442 1696 2495 baptismus
1730 2442 1808 2480 etc.
1873 2437 1968 2477 Non

338 2533 465 2573 debet
497 2529 690 2573 reiterari
725 2526 991 2581 paenitentia
1024 2525 1105 2565 ista
1139 2521 1371 2571 sollemnis,
1407 2518 1576 2561 etiamsi
1608 2516 1830 2566 contingat
1870 2525 1968 2553 eum

287 2603 289 2607 ⁴
340 2609 425 2650 labi
458 2608 499 2647 iu
527 2606 640 2647 idem
678 2605 738 2645 ve]
768 2603 904 2644 simile
932 2603 1158 2654 peccatum
1186 2599 1362 2651 propter
1392 2594 1700 2651 sollemnitates
1734 2591 1837 2631 istas
1864 2601 1971 2641 quas

341 2697 471 2736 supra
505 2682 702 2722 diximus.
767 2680 839 2719 Est
867 2678 980 2718 enim
1008 2675 1222 2717 secundus
1249 2672 1503 2724 baptismus,
1532 2671 1573 2710 et
1600 2668 1709 2709 sicut
1732 2665 1971 2718 baptismus

342 2773 442 2801 suas
484 2759 617 2799 habet
657 2755 968 2797 sollemnitates
1015 2765 1126 2804 quae
1170 2762 1256 2790 non
1303 2748 1570 2800 repetuntur,
1617 2744 1676 2785 ita
1709 2740 1972 2794 paenitentia

344 2849 444 2877 suas
477 2834 609 2876 habet
642 2831 964 2880 sollemnitates,
1000 2842 1110 2881 quae
1143 2825 1279 2878 repeti
1312 2837 1398 2865 non
1432 2823 1602 2863 debent.

488 2950 503 2983 l
531 2951 587 2982 est
613 2959 676 2980 om.
711 2945 750 2980 [ἰ.
849 2945 869 2977 2
896 2943 1038 2988 privata
1067 2943 1107 2975 B.
1217 2939 1278 2972 illa
1304 2950 1367 2971 om.
1391 2939 1433 2970 A.
1547 2934 1587 2968 13
1610 2938 1691 2977 post
1716 2930 1865 2974 lugubre
1891 2930 1973 2962 add.

348 3012 380 3044 B
405 3011 470 3043 est.
584 3007 624 3041 19
651 3007 830 3050 prostrato
855 3005 896 3038 li.
1005 3001 1049 3035 22
1077 3011 1155 3033 eum
1183 3011 1247 3032 om.
1275 3001 1316 3032 B.
1428 2995 1471 3029 28
1498 2992 1660 3028 sollemni
1686 2989 1905 3035 paenitentia
1936 2987 1975 3021 Β.

346 3069 391 3104 30
417 3067 522 3102 debet
548 3078 612 3100 om.
638 3068 682 3099 A.
784 3063 827 3097 32
855 3066 891 3096 et
916 3060 1093 3095 secundus
1118 3058 1319 3102 baptismus
1345 3066 1429 3089 suas
1455 3053 1562 3087 habet
1588 3050 1859 3089 sollemnitates,
1887 3058 1976 3091 quae

346 3140 414 3162 non
431 3156 438 3162 .
454 3153 459 3159 .
479 3155 484 3160 .
504 3130 545 3159 A.

1971 1156 1987 1180 s.
1999 1156 2048 1180 103
2056 1153 2091 1179 νο.
