2106 3453
660 259 855 293 Tractatus
882 258 924 292 V.
975 258 1027 291 De
1054 257 1300 291 sacramentis.
1702 255 1793 291 119*

157 366 476 406 sacramentum
510 364 775 416 postulatum
807 362 943 411 fuerit,
978 361 1170 414 qualibet
1197 361 1302 401 hora
1331 361 1598 413 baptizetur&
1650 361 1794 410 Quare

159 440 200 481 in
226 440 395 480 duabus
423 439 500 479 illis
529 439 829 491 festivitatibus
856 438 1087 490 praecipue
1114 438 1358 478 institutum
1386 437 1451 487 sit,
1494 436 1643 489 quaeri
1671 437 1793 478 solet.

158 516 258 557 Ideo
291 516 332 555 in
367 515 550 556 sabbato
584 514 793 563 paschali,
827 514 928 566 quia
960 527 1037 566 per
1069 516 1252 554 mortem
1287 515 1329 553 et
1362 513 1607 565 passionem
1635 513 1791 554 Christi

157 594 339 645 mortem
384 604 467 632 non
513 591 722 632 sentimus
767 592 808 631 et
846 603 922 643 per
963 590 1051 631 eius
1090 589 1448 630 resurrectionem
1493 592 1683 629 nostram
1725 603 1795 630 re-

158 668 467 709 surrectionem
510 670 828 719 exspectamus;
872 669 913 707 et
952 666 1047 706 ideo
1083 666 1194 706 circa
1227 668 1397 718 tempus
1431 665 1534 705 illud
1569 665 1718 706 mortis
1752 667 1794 705 et

157 744 479 785 resurrectionis
521 743 706 784 instituit
751 743 928 784 ecclesia
972 743 1207 794 baptizare,
1255 742 1354 794 quia
1406 743 1460 782 ab
1506 741 1586 782 illis
1624 742 1793 782 duobus

156 820 397 872 baptismus
438 821 623 861 maxime
667 820 900 861 efficaciam
945 819 1139 871 sumpsit.
1206 819 1249 859 In
1291 819 1475 859 sabbato
1516 818 1793 859 pentecostes

157 896 251 936 ideo
285 896 344 946 fit,
389 897 489 948 quia
529 896 656 937 datus
696 898 760 936 est
794 895 977 948 Spiritus
1016 897 1189 936 sanctus
1228 898 1423 947 tempore
1457 895 1527 935 illo
1561 894 1791 947 discipulis,

156 974 202 1012 ut
235 972 426 1013 innovati
460 972 767 1013 confiterentur
798 985 956 1012 nomen
992 971 1147 1012 Christi
1181 973 1281 1012 ante
1319 984 1439 1022 reges
1479 974 1520 1012 et
1558 971 1791 1023 praesides.

156 1048 207 1088 Et
241 1061 318 1088 nos
352 1048 420 1089 die
452 1048 523 1090 illa
551 1048 769 1100 baptizati,
804 1050 851 1088 ut
883 1048 1020 1099 gratia
1048 1047 1232 1100 Spiritus
1259 1048 1395 1088 sancti
1422 1047 1614 1089 roborati
1642 1051 1791 1088 contra

156 1124 257 1164 vitia
291 1126 333 1165 et
364 1127 544 1176 peccata
581 1124 710 1165 fortes
744 1137 1080 1176 perseveremus.

297 1200 541 1253 Sequitur
593 1200 864 1241 videndum
918 1200 978 1241 de
1028 1200 1163 1240 trina
1214 1200 1591 1241 immersionel.
1668 1200 1791 1241 Unde

154 1276 499 1330 Hieronymus
533 1276 578 1316 in
615 1276 954 1317 canonibus21
1004 1275 1061 1326 ⁷Si
1096 1276 1190 1328 quis
1229 1276 1355 1316 unius
1390 1276 1612 1317 ministerii
1650 1289 1791 1317 sacer-

154 1353 232 1392 dos
284 1352 518 1405 aliquando
565 1352 799 1405 baptizavit
849 1355 890 1393 et
936 1352 1093 1392 trinam
1133 1351 1454 1393 immersionem
1500 1366 1586 1393 non
1634 1352 1789 1403 fecerit,

154 1428 424 1481 deponatur‘.
489 1429 596 1469 Item
630 1429 671 1469 in
705 1429 959 1469 Toletano
993 1428 1266 1469 concilio3:
1312 1428 1508 1480 ,Propter
1546 1428 1790 1470 schismatis

153 1517 341 1546 errorem
377 1508 417 1546 et
450 1505 570 1557 pravi
604 1505 819 1556 dogmatis
852 1518 978 1545 usum
1012 1505 1199 1545 trinam
1239 1505 1559 1546 immersionem
1599 1506 1789 1547 celebra—

153 1584 276 1622 mus‘.
329 1581 412 1622 Sed
442 1584 590 1623 contra
618 1581 720 1622 dicit
747 1580 1020 1632 Gregorius
1053 1580 1242 1622 scribens
1271 1581 1504 1621 Leandro
1534 1581 1733 1634 episcopo
1754 1584 1785 1622 4:

156 1658 229 1706 ‚De
263 1658 374 1698 trina
407 1657 683 1698 immersione
715 1657 817 1698 nihil
852 1657 993 1698 verius
1026 1657 1276 1709 responderi
1310 1660 1463 1710 potest,
1503 1671 1634 1710 quam
1672 1658 1788 1710 quod

153 1733 242 1785 ipse
275 1734 458 1783 sensisti,
502 1734 658 1775 scilicet
693 1734 793 1785 quia
827 1733 868 1773 in
902 1746 988 1774 una
1022 1733 1105 1774 fide
1139 1733 1241 1773 nihil
1275 1733 1405 1774 officit
1444 1734 1648 1775 ecclesiae
1686 1747 1787 1775 con-

152 1811 335 1851 suetudo
370 1811 553 1860 diversa‚
588 1811 677 1851 sive
710 1823 797 1850 una
829 1810 895 1850 vel
928 1810 1041 1850 trina
1074 1810 1199 1850 fuerit
1232 1810 1464 1851 immersio.
1522 1810 1640 1852 Sicut
1674 1811 1784 1852 enim
1808 1827 1822 1851 -ε

152 1887 193 1926 in
228 1887 339 1928 trina
372 1887 646 1927 immersione
680 1886 848 1927 trinitas
882 1885 1130 1935 denotatur,
1165 1887 1224 1926 ita
1258 1885 1297 1926 in
1333 1899 1419 1927 una
1452 1887 1623 1928 unitas‘.
1682 1887 1788 1928 Ecce

153 1976 202 2003 ex
241 1963 322 2004 ista
361 1964 619 2004 auctoritate
659 1962 755 2003 licet
794 1963 925 2003 semel
968 1975 1159 2014 mergere
1193 1965 1377 2003 tantum.
1442 1962 1690 2004 Auctoritas
1717 1963 1787 2004 illa

154 2038 449 2091 Hieronymi
489 2041 535 2079 et
568 2038 808 2079 Toletani
849 2038 1056 2079 concilii
1098 2039 1332 2090 loquuntur
1373 2040 1521 2079 contra
1563 2039 1668 2088 illos,
1713 2040 1785 2091 qui

153 2128 338 2155 errorem
382 2114 583 2155 inducere
622 2114 839 2155 volebant.
911 2113 1221 2155 Verumtamen
1260 2127 1362 2154 usus
1405 2114 1608 2156 ecelesiae
1650 2116 1786 2166 magis

152 2194 215 2232 est
247 2191 493 2243 sequendus
512 2192 539 2231 5.

299 2307 311 2339 l
340 2312 419 2349 post
445 2307 707 2338 sacramentum
735 2306 817 2338 add.
835 2307 866 2338 B
893 2304 1072 2348 baptismi.
1170 2305 1189 2337 2
1219 2304 1506 2339 solemnitatibus
1525 2306 1563 2338 H.
1680 2305 1699 2339 3
1725 2306 1784 2340 Pa-

150 2365 257 2400 schae
286 2367 326 2399 Β.
400 2367 421 2399 4
448 2366 596 2398 mortem
619 2367 654 2398 et
680 2365 861 2398 interitum
889 2376 957 2398 non
984 2364 1160 2398 sentimus
1182 2367 1215 2397 1511
1240 2366 1271 2397 B
1298 2366 1458 2409 deletum,
1486 2377 1508 2398 a.
1535 2377 1642 2399 mann
1669 2378 1784 2400 recen-

150 2428 239 2458 tiore
273 2427 356 2458 add.
393 2436 487 2458 mors
524 2424 706 2458 destructa
742 2426 796 2457 est
830 2426 866 2458 et
898 2424 1081 2457 interitum
1109 2436 1176 2458 non
1204 2424 1388 2458 sentimus.
1535 2425 1555 2458 43
1582 2425 1622 2459 fit
1649 2437 1711 2458 om.
1743 2428 1782 2461 B.

151 2487 206 2518 est
232 2497 295 2518 om.
326 2487 366 2518 B.
424 2485 443 2518 9
471 2484 530 2528 qui
559 2486 734 2517 novantur
760 2485 800 2517 ut
825 2483 1080 2517 confiterentur
1106 2485 1147 2517 B.
1210 2484 1249 2517 10
1278 2483 1328 2526 ut]
1356 2486 1391 2517 et
1423 2486 1459 2519 Β.
1522 2485 1561 2517 15
1590 2485 1717 2518 iterum
1740 2489 1781 2521 Α.

153 2543 194 2577 19
221 2543 288 2588 ipsi
315 2543 482 2577 sensistis
508 2543 775 2577 confirmatione
803 2543 895 2587 quia.
1007 2543 1048 2576 21
1078 2555 1147 2576 una
1175 2543 1331 2577 essentia
1355 2545 1394 2577 B.
1505 2543 1548 2577 23
1576 2543 1782 2588 loquuntur]

149 2606 199 2636 sic
227 2606 257 2636 A
280 2605 320 2638 Β.
418 2603 464 2637 24
489 2609 567 2646 post
586 2605 833 2636 verumtamen
859 2605 942 2637 adel.
969 2605 1002 2636 B
1027 2603 1142 2638 huius.

291 2717 301 2735 ¹
332 2720 394 2752 SS.
416 2718 457 2759 V,
479 2719 510 2752 4.
539 2718 698 2760 (129D);
729 2718 865 2755 Lomb.
892 2721 988 2754 Sent.
1015 2719 1035 2752 l.
1059 2719 1117 2752 IV.
1142 2719 1173 2754 d.
1195 2720 1225 2754 3
1253 2731 1282 2754 c,
1306 2720 1340 2759 73
1376 2719 1619 2759 Rolandus‚
1646 2731 1679 2764 p.
1701 2721 1779 2756 210.

293 2776 305 2794 ²
332 2777 431 2811 Pan.
459 2778 483 2818 Ι,
513 2778 574 2818 58;
601 2789 629 2812 c.
659 2778 714 2813 79.
742 2778 783 2812 de
810 2790 907 2812 cons.
934 2778 964 2814 d.
992 2780 1024 2812 4.

292 2834 305 2853 3
331 2836 569 2871 Pan.1.59:
615 2837 766 2882 Propter
804 2837 989 2872 vitandum
1027 2837 1234 2871 schismatis
1269 2838 1477 2872 scandalum
1516 2839 1573 2872 vel
1612 2839 1781 2873 haeretici

151 2895 330 2939 dogmatis
367 2907 480 2936 usum,
521 2896 749 2941 triplicem
786 2897 953 2941 baptismi
990 2900 1177 2931 teneamus
1216 2898 1439 2931 mersionem.
1476 2910 1506 2932 c.
1533 2898 1588 2934 85.
1617 2899 1659 2933 de
1685 2911 1781 2935 cona.

150 2954 181 2988 d.
208 2955 239 2988 4.
291 2954 441 2999 Propter
477 2956 661 2989 vitandum
697 2956 904 2990 schismatis
935 2957 1144 2991 scandalum
1182 2956 1239 2990 vel
1265 2956 1435 2991 haeretici
1464 2956 1641 3002 dogmatis
1667 2971 1779 2999 usum,

150 3014 354 3058 simplam
382 3017 568 3049 teneamus
594 3015 763 3060 baptismi
789 3016 1014 3050 mersionem.

289 3072 302 3090 4
331 3074 426 3109 Pan.
452 3074 479 3115 Ι,
507 3074 568 3118 60;
595 3086 622 3109 c.
651 3074 706 3110 80.
734 3075 776 3109 de
802 3087 897 3111 cons
925 3075 956 3109 d.
983 3076 1016 3109 4.

292 3131 305 3150 ⁵
331 3134 393 3167 SS.
421 3132 463 3174 V,
490 3134 523 3167 4.
552 3134 632 3176 (130
647 3132 701 3175 B).

1814 680 1828 703 5

1817 1063 1846 1087 10

1815 1443 1844 1467 15
