2106 3453
293 260 362 296 70*
881 259 1086 293 Sententiae
1114 258 1324 293 divinitatis.

292 364 485 405 subiecta
520 366 788 413 naturarum,
835 363 994 404 scilicet
1026 362 1093 403 ille
1127 361 1199 414 qui
1233 364 1298 402 est
1332 362 1456 411 Deus,
1490 364 1532 401 et
1566 361 1633 402 ille
1667 361 1738 413 qui
1772 362 1917 402 homo.

292 440 429 489 Unde,
463 440 572 481 sicut
603 440 764 480 dictum
798 441 874 488 est,
909 439 1093 488 dicebat,
1133 438 1250 490 quod
1292 438 1427 478 altera
1470 450 1569 490 pars
1602 437 1759 478 Christi
1792 438 1918 487 Deus,

289 515 429 558 altera
462 515 607 557 homo.
671 514 755 555 Sed
791 514 830 555 in
865 514 946 555 hoe
978 514 1183 566 deceptus
1217 513 1307 562 suit,
1341 512 1545 565 quoniam
1580 513 1622 553 in
1650 512 1818 554 Christo
1847 527 1918 554 na-

292 594 415 632 turae
453 593 554 631 sunt
591 591 739 632 unitae
777 591 868 631 sine
913 603 1060 632 earum
1107 589 1452 638 subsistentibus,
1499 588 1615 641 quod
1662 590 1726 629 est
1771 591 1920 630 contra

256 682 271 706 5
293 667 487 717 regulam
522 666 796 709 naturalium.

433 744 558 784 Unde
590 743 912 795 Augustinus
945 744 1094 783 contra
1128 755 1223 782 eum
1260 741 1416 783 (lieitlz
1451 742 1593 782 Tanta
1627 742 1692 782 est
1724 740 1825 781 unio
1859 739 1922 781 di-

293 820 481 860 vinitatis
520 822 562 860 et
599 819 881 861 humanitatis
923 819 965 859 in
1007 818 1190 868 Christo,
1243 819 1290 858 ut
1332 818 1442 858 sola,
1468 817 1626 858 unione
1669 819 1921 857 naturarum

292 896 383 937 sine
416 895 748 937 subsistentibus
782 895 973 947 ipsarum
1007 897 1146 935 totum
1181 894 1361 943 dicatur,
1395 896 1443 934 ut
1475 894 1529 934 sit
1562 894 1676 934 Deus
1709 895 1750 933 et
1783 895 1920 933 totum

293 971 437 1020 homo,
477 984 563 1012 non
597 970 692 1011 dico
725 983 839 1022 pars,
879 970 955 1010 sed
996 971 1149 1020 totum,
1190 970 1306 1022 quod
1351 982 1437 1009 non
1479 971 1543 1010 est
1587 969 1629 1008 in
1673 968 1923 1010 substantiis

241 1065 272 1089 10
294 1046 531 1096 hominum,
566 1047 607 1087 id
641 1048 705 1087 est
737 1046 1025 1087 subsistentiis
1058 1048 1330 1095 naturarum,
1364 1048 1410 1086 ut
1444 1045 1534 1086 sola
1574 1044 1769 1086 videlicet
1797 1046 1924 1086 natu-

293 1136 438 1164 rarum
479 1122 637 1163 unione
678 1122 768 1163 sine
810 1122 1013 1163 subiectis
1068 1135 1216 1163 earum
1263 1120 1458 1163 similiter
1503 1120 1632 1162 unitis
1684 1121 1814 1161 homo
1858 1120 1924 1161 vel

293 1199 409 1240 aliud
442 1198 681 1240 subsistens
714 1198 935 1240 reddatur.
999 1198 1096 1239 Non
1124 1211 1224 1250 ergo
1253 1199 1366 1239 Deus
1394 1200 1436 1238 et
1462 1197 1592 1238 homo
1620 1198 1744 1238 erunt
1779 1199 1924 1248 partes

294 1275 463 1325 Christi,
521 1277 568 1315 ut
609 1274 882 1316 Nestorius
927 1274 1028 1315 dicit
1079 1273 1356 1315 similitudine
1401 1273 1674 1314 Athanasii
1722 1273 1921 1314 dicentis:

294 1351 415 1391 Sicut
445 1351 590 1393 anima
623 1350 847 1392 rationalis
881 1353 975 1400 ete,
1016 1350 1206 1392 Verbum
1246 1352 1310 1390 est
1342 1349 1473 1391 homo
1509 1352 1588 1390 etc.
1653 1348 1737 1390 Sed
1781 1348 1925 1389 simili-

243 1444 274 1468 15
294 1427 399 1467 tudo
434 1427 505 1468 illa
539 1426 599 1468 sic
633 1427 760 1468 debet
795 1426 990 1478 intelligi:
1024 1425 1144 1467 Sicut
1164 1426 1310 1468 anima
1343 1425 1565 1467 rationalis
1600 1426 1641 1465 et
1673 1438 1772 1466 caro
1799 1438 1926 1465 verus

294 1505 358 1544 est
402 1504 553 1550 homo;
609 1502 823 1543 volvenda
870 1505 933 1543 est
979 1502 1151 1552 locutio,
1200 1502 1301 1554 quia
1345 1502 1468 1543 aliter
1512 1501 1795 1553 grammatica
1839 1515 1925 1542 non

293 1581 406 1620 esset
438 1580 480 1619 et
512 1578 758 1620 dicendum:
800 1578 920 1619 Sicut
958 1591 1068 1619 unus
1101 1578 1232 1619 homo
1266 1578 1397 1618 habet
1442 1576 1604 1629 aliquid
1646 1590 1671 1618 a
1715 1590 1843 1618 carne
1886 1582 1928 1617 et

294 1656 452 1704 anima,
487 1654 587 1706 quia
621 1657 685 1696 est
717 1668 742 1696 a
774 1667 902 1695 earne
936 1667 1117 1695 carneus
1150 1656 1191 1695 et
1225 1654 1454 1703 coloratus,
1489 1653 1544 1694 ab
1577 1653 1723 1695 anima
1760 1652 1927 1694 anima-

293 1734 362 1771 tus
396 1733 437 1772 et
470 1730 705 1780 rationalis,
751 1730 810 1772 ita
844 1743 956 1771 unus
989 1730 1184 1772 Christus
1229 1732 1292 1771 est
1333 1730 1446 1770 Deus
1490 1732 1530 1770 et
1573 1729 1718 1779 homo,
1762 1729 1804 1770 id
1849 1731 1926 1779 est,

238 1828 272 1852 20
292 1807 424 1848 habet
455 1807 617 1859 aliquid
650 1820 675 1847 a
709 1806 933 1847 divinitate
966 1809 1008 1847 et
1041 1806 1323 1847 humanitate.

433 1883 540 1923 lllud
573 1884 717 1923 autem
753 1882 1001 1934 Gregorii:
1037 1882 1232 1923 Christus
1259 1882 1313 1924 ab
1341 1884 1518 1924 aeterno
1550 1895 1628 1934 pro
1657 1883 1782 1934 parte
1810 1895 1924 1932 vera,

292 1972 369 2011 pro
404 1962 526 2012 parte
559 1959 666 2000 falsa
700 1962 792 2009 etc„
827 1958 885 1999 sic
920 1958 1223 2011 exponendum
1258 1961 1340 2009 est:
1384 1958 1467 1999 Pro
1501 1961 1641 2010 parte,
1684 1957 1724 1998 id
1754 1960 1818 1999 est
1849 1971 1926 1998 na-

293 2038 404 2084 tura,
445 2037 491 2075 ut
533 2035 587 2075 sit
625 2047 793 2075 sensus:
842 2034 1037 2075 Christus
1083 2034 1321 2075 seeundum
1368 2047 1499 2074 unam
1545 2035 1727 2086 partem,
1775 2033 1817 2073 id
1863 2034 1927 2073 est

293 2123 424 2151 unam
470 2112 684 2160 naturam,
730 2112 794 2151 est
838 2110 893 2151 ab
938 2112 1129 2160 aeterno,
1182 2109 1421 2150 secundum
1468 2109 1653 2150 alteram
1700 2109 1839 2161 cdepit
1884 2108 1926 2149 in

239 2208 273 2232 <25
293 2189 501 2239 tempore.

434 2263 539 2304 Ecce
559 2263 873 2315 aliquantulum
897 2261 1185 2315 expressimus
1212 2264 1253 2303 et
1281 2262 1446 2304 executi
1473 2275 1621 2303 sumus
1649 2262 1763 2314 quod
1798 2275 1927 2315 supra

293 2352 529 2391 posuimus.

678 2447 732 2485 ΙΙ.
771 2446 827 2485 De
856 2447 1012 2485 ratione
1042 2447 1083 2485 et
1111 2447 1224 2484 modo
1254 2445 1557 2485 incarnationis.¹

436 2534 522 2574 His
565 2534 718 2585 igitur
760 2534 984 2586 quinque
1023 2534 1252 2575 decursis
1296 2534 1396 2575 alia
1439 2534 1665 2586 quinque
1714 2534 1928 2574 investi-

294 2610 459 2661 ganda
498 2623 862 2662 proponemus:
928 2609 1096 2659 Quare
1132 2622 1227 2650 non
1262 2609 1523 2660 angelum,
1559 2610 1647 2649 sed
1675 2608 1928 2650 hominem

440 2741 454 2774 1
485 2742 520 2774 et
540 2739 599 2773 ille
619 2742 770 2783 sei-ipsa·
795 2741 904 2773 om.A
924 2741 962 2773 Β.
1061 2739 1081 2772 2
1108 2739 1159 2772 sie
1177 2742 1217 2772 Α.
1317 2739 1336 2772 6
1365 2740 1477 2780 tanta]
1505 2740 1634 2772 natura
1648 2742 1689 2772 Α.
1789 2739 1809 2772 8
1838 2739 1926 2780 sine]

295 2800 371 2833 sive
393 2803 434 2834 Α.
503 2800 617 2833 9-10
644 2798 857 2832 substantiis
883 2798 1106 2832 naturalibus
1133 2800 1173 2832 ut
1199 2797 1274 2831 sola
1293 2798 1331 2831 Β.
1405 2797 1444 2830 13
1472 2797 1558 2831 dicit
1584 2810 1646 2833 om.
1673 2799 1711 2832 B.
1784 2799 1826 2832 14
1848 2803 1930 2841 post

295 2860 363 2892 eto.
401 2861 484 2892 add.
506 2860 537 2892 B
576 2857 770 2891 asserebat.
895 2858 937 2891 16
973 2857 1104 2890 locutio
1137 2859 1180 2891 W
1209 2859 1246 2890 in
1276 2858 1304 2890 B
1332 2868 1423 2890 corr.
1450 2856 1525 2890 1000
1554 2859 1595 2889 Α.
1715 2862 1795 2899 pos-t
1826 2856 1930 2890 aliter

295 2919 378 2951 add.
398 2920 430 2951 A
458 2917 490 2951 in
517 2929 580 2950 om.
600 2918 691 2952 BW.
794 2917 834 2950 17
861 2918 897 2949 et
913 2915 1099 2949 dicendum
1122 2917 1157 2949 et
1177 2917 1222 2949 W
1234 2927 1298 2949 om.
1319 2918 1345 2948 Α
1373 2914 1435 2948 sed
1465 2915 1506 2948 Β.
1583 2915 1623 2948 21
1653 2916 1770 2948 autem
1799 2918 1931 2958 sei-ipsi

296 2980 327 3011 A
344 2978 376 3010 B
401 2976 466 3010 ait.
488 2976 679 3019 Augustini
708 2987 801 3011 corr.
831 2978 866 3008 in
894 2976 936 3009 Β.
1035 2975 1079 3008 22
1107 2986 1244 3019 expone
1272 2975 1303 3007 Β
1329 2986 1393 3007 om.
1421 2976 1486 3009 est.
1561 2974 1605 3007 26
1632 2973 1861 3018 aliquatenus
1889 2976 1928 3008 B.

438 3090 450 3107 ¹
476 3091 521 3124 cf.
548 3089 730 3134 August.
762 3091 813 3124 De
843 3091 974 3123 Trinit.
1002 3088 1025 3123 l.
1052 3088 1076 3123 Ι.
1098 3100 1127 3122 o.
1158 3089 1210 3124 13.
1231 3087 1313 3127 (PL.
1334 3088 1390 3129 42,
1413 3087 1510 3128 840):
1538 3087 1636 3121 Talis
1660 3087 1751 3121 enim
1768 3089 1845 3121 erat
1870 3086 1930 3122 illa

298 3149 491 3193 susceptio,
520 3162 610 3193 quae
636 3149 747 3183 Deum
776 3148 954 3182 hominem
983 3148 1119 3182 faceret
1143 3149 1181 3181 'et
1207 3146 1383 3181 hominem
1413 3146 1536 3181 Deum.
