2106 3453
322 234 393 272 84⁴4
900 262 905 264 >
920 234 1125 274 Sententiae
1152 234 1362 273 divinitatis.

324 343 618 383 creaturarum
652 340 960 394 dignissimam,
1003 346 1147 385 tamen
1181 343 1235 384 ad
1269 342 1576 395 aequalitatem
1610 339 1779 382 divinae
1811 339 1946 383 scien—

322 419 408 460 tiae
440 419 687 461 nullatenus
719 420 975 472 pertingere,
1009 420 1125 473 quod
1159 420 1232 461 tali
1264 420 1430 461 ratione
1458 419 1626 459 videtur
1651 418 1944 471 comprobari:

322 494 516 535 Christus
554 495 734 547 loquens
773 496 828 536 ad
868 496 1038 537 Patrem
1084 496 1161 537 ait:
1215 495 1309 536 Vita
1343 499 1509 536 aeterna
1540 499 1597 535 est
1639 508 1868 549 coynoscere
1912 499 1946 534 te

320 585 459 611 ‘verum
492 572 625 612 Deum
657 577 693 612 et
719 586 831 626 quem
862 574 1010 613 misisti
1035 573 1178 614 ιῙεςιιφνι
1211 572 1418 614 Christum
1448 572 1559 626 (Joh.
1590 572 1656 624 17,
1671 571 1731 624 3).
1794 571 1947 624 Liquet

284 664 299 688 5
322 648 452 689 vitam
485 652 720 700 aeternam,
754 650 796 690 id
830 653 894 691 est
926 663 1141 692 summam
1174 650 1502 699 beatitudinem,
1536 650 1722 690 maxime
1748 650 1947 690 constare

318 726 359 765 in
406 726 557 768 notitia
603 729 777 768 sanctae
822 727 1056 769 Trinitatis.
1136 726 1511 779 Apparet'igitur,
1558 726 1674 778 quod
1720 725 1945 778 aequalem

318 803 464 844 anima
498 803 653 844 Christi
686 803 847 845 habeat
880 816 977 844 cum
1011 804 1235 844 divinitate
1274 803 1602 853 beatitudinem,
1645 802 1680 843 si
1719 802 1943 855 aequalem

316 879 496 921 haberet
528 880 580 920 de
612 883 762 922 sancta
783 881 994 922 Trinitate
1020 881 1233 931 notitiam,
1267 881 1491 933 aequalem
1520 893 1693 933 quoque
1721 879 1943 921 caritatem

322 959 363 998 et
395 960 537 999 cetera
570 957 725 1010 quibus
759 958 952 999 consistit
984 958 1207 1000 beatitudo
1240 958 1451 1010 aequalia.
1517 957 1621 1007 Quis
1648 959 1793 998 autem
1821 970 1945 1009 prae-

263 1049 296 1073 10
316 1034 551 1076 meditatus
593 1035 753 1076 audeat
794 1035 936 1077 dicere
974 1035 1164 1077 animam
1205 1035 1336 1085 illam,
1380 1049 1430 1076 ex
1469 1048 1554 1087 quo
1588 1034 1677 1084 fuit,
1719 1034 1944 1087 aequalem

316 1124 413 1152 cum
447 1111 535 1153 Deo
569 1112 881 1153 beatitudinem
916 1112 1090 1161 habere,
1125 1125 1222 1153 cum
1256 1112 1296 1152 in
1330 1112 1419 1153 Deo
1453 1112 1569 1154 nulla
1602 1112 1778 1153 omnino
1810 1111 1946 1163 possit

315 1188 468 1229 cadere
491 1188 662 1230 miseria
689 1191 730 1230 et
757 1202 851 1230 cum
881 1189 952 1230 illa
979 1189 1124 1230 anima
1156 1189 1300 1230 multis
1333 1191 1373 1230 et
1408 1189 1572 1241 magnis
1606 1188 1785 1229 miseriis
1820 1188 1946 1229 fuerit

315 1265 517 1307 subdita?
551 1266 610 1306 De
632 1265 812 1307 miseriis
832 1266 1044 1318 siquidem
1066 1266 1283 1308 humanae
1304 1269 1500 1317 naturae,
1521 1279 1649 1319 quam
1669 1265 1862 1307 Christus
1877 1279 1945 1307 as-

314 1343 511 1395 sumpsit,
550 1343 609 1384 sic
647 1343 707 1384 ait
744 1343 1024 1396 Propheta:
1072 1343 1158 1397 Eyo
1202 1356 1293 1383 sum
1334 1344 1482 1383 vermis
1522 1348 1557 1383 et
1593 1357 1674 1383 ‘non
1714 1344 1829 1384 homo
1866 1345 1942 1385 etc.

262 1432 293 1457 15
315 1420 400 1473 (Ps.
424 1421 493 1471 21,
509 1419 566 1473 7).
604 1420 697 1472 Ipse
719 1433 891 1472 quoque
912 1420 1107 1461 Christus
1134 1420 1174 1460 in
1198 1420 1428 1471 Evangelio
1450 1421 1527 1462 ait:
1559 1421 1709 1461 Tristis
1725 1424 1782 1461 est
1804 1422 1945 1461 anima

313 1511 400 1537 mea
420 1500 499 1538 etc.
535 1497 700 1550 (Mastia.
723 1496 898 1550 23,36).
961 1498 1067 1538 Cum
1104 1509 1203 1549 ergo
1237 1499 1403 1538 constet
1436 1498 1626 1539 animam
1655 1497 1811 1539 Christi
1844 1500 1944 1539 ante

312 1574 559 1626 passionem
580 1574 708 1614 fuisse
734 1574 952 1624 miseram,
980 1575 1243 1627 impossibile
1263 1575 1353 1624 suit,
1382 1575 1496 1627 quod
1526 1575 1617 1627 ipsa
1644 1578 1745 1616 tunc
1765 1575 1945 1617 haberet

312 1652 538 1704 aequalem
572 1664 669 1692 cum
696 1652 786 1692 Deo
813 1652 1138 1693 beatitudinem.
1197 1652 1293 1693 Non
1322 1653 1448 1703 igitur
1484 1665 1631 1693 verum
1660 1656 1723 1693 est
1749 1653 1939 1694 animam

312 1729 539 1781 aequalem
582 1742 677 1770 cum
717 1730 804 1769 Deo
840 1732 1017 1770 sanctae
1043 1729 1266 1771 Trinitatis
1302 1730 1500 1780 notitiam
1529 1729 1689 1771 habere
1718 1732 1758 1770 et
1786 1732 1942 1779 cetera,

257 1822 292 1847 20
311 1805 351 1846 in
387 1806 541 1858 quibus
574 1806 797 1847 beatitudo
831 1807 1036 1848 consistit.

452 1884 579 1925 Item
615 1884 695 1925 hac
729 1884 813 1926 alia
846 1884 1013 1925 ratione
1055 1885 1058 1934 Ι
1099 1884 1244 1937 liquet.
1334 1884 1492 1925 Anima
1519 1883 1674 1925 Christi
1704 1883 1846 1925 minor
1878 1886 1943 1925 est

309 1961 521 2013 sapientia
559 1974 690 2013 quam
731 1961 824 2014 ipsa
857 1961 1072 2002 divinitas
1136 1961 1243 2003 Cum
1290 1961 1502 2014 sapientia
1546 1961 1600 2002 sit
1644 1974 1854 2013 magnum
1900 1964 1942 2002 et

406 2172 495 2206 1-2
533 2171 730 2216 sapientiae
759 2174 937 2206 Walterns
969 2174 1010 2205 de
1043 2174 1271 2206 Mauritania
1305 2172 1448 2213 (Wm.)
1564 2172 1585 2206 2
1623 2171 1809 2216 pervenire
1854 2174 1940 2208 Wm.

308 2231 527 2275 comprobari
557 2233 586 2265 B
615 2233 701 2267 Wm.
729 2231 869 2275 probari
891 2234 933 2266 A.
1056 2232 1076 2265 3
1104 2231 1281 2275 Christus]
1313 2231 1371 2265 ubi
1394 2234 1434 2265 A.
1557 2233 1579 2265 4
1600 2237 1683 2275 post
1717 2231 1830 2275 liquet
1856 2233 1939 2266 add.

317 2293 402 2325 Wm.
423 2291 544 2334 igitur.
613 2291 633 2324 6
659 2290 781 2334 igitur]
797 2291 904 2325 etiam
929 2293 1015 2324 Wm
1084 2291 1269 2335 aequalem
1290 2293 1377 2326 Wm.
1394 2303 1458 2327 om.
1481 2295 1511 2324 A
1528 2293 1568 2325 Β.
1628 2291 1648 2324 8
1667 2296 1751 2334 post
1776 2291 1941 2325 notitiam

308 2352 390 2385 add.
427 2352 513 2384 Wm.
540 2350 575 2384 Si
603 2350 697 2383 enim
724 2350 909 2394 aequalem
936 2350 1085 2384 haberet
1110 2350 1286 2391 notitiam,
1313 2362 1381 2384 non
1409 2352 1506 2384 esset
1525 2350 1617 2384 ratio
1645 2361 1707 2383 cur
1725 2362 1793 2384 non
1814 2362 1941 2394 aequa-

307 2409 375 2443 lem
402 2409 552 2443 haberet
577 2409 774 2444 caritatem.
941 2411 960 2444 9
982 2416 1064 2453 post
1089 2410 1254 2454 aequalia
1280 2412 1364 2443 add.
1399 2412 1484 2443 Wm.
1512 2409 1604 2454 quod
1634 2412 1669 2443 et
1695 2421 1760 2444 vos
1786 2410 1940 2443 fortasse

307 2468 512 2503 conceditis.
656 2469 697 2502 10
724 2469 1006 2513 praemeditatus
1035 2482 1098 2503 om.
1137 2471 1220 2503 Wm.
1362 2470 1402 2502 11
1430 2480 1509 2502 cum
1537 2468 1610 2502 Deo
1646 2471 1729 2503 ΠΜ.
1759 2481 1821 2503 om.
1850 2472 1880 2502 A
1898 2470 1939 2504 Β.

310 2528 351 2561 12
388 2528 485 2562 nulla
518 2529 633 2573 possit
667 2529 808 2562 omnino
845 2530 950 2571 (forte
982 2540 1062 2563 esse
1097 2530 1280 2569 Mathoud)
1314 2528 1437 2562 eadem
1472 2528 1647 2571 (cadere2)
1675 2528 1819 2562 miseria
1853 2530 1939 2562 I'Vm.

307 2589 344 2621 et
375 2599 439 2621 om.
474 2589 561 2621 Wm.
752 2588 793 2621 13
829 2587 985 2632 subdita]
1018 2586 1192 2632 implicita
1234 2589 1320 2622 Wm.
1498 2586 1687 2632 siquidem]
1726 2587 1818 2621 enim
1851 2589 1939 2621 Wm.

306 2657 412 2690 quam
439 2648 472 2680 B
494 2648 569 2680 Wm
595 2658 685 2691 quas
700 2649 743 2682 A.
914 2647 957 2685 1,4
982 2652 1060 2690 post
1085 2646 1189 2680 homo
1217 2648 1284 2682 etc,
1311 2648 1394 2680 add.
1430 2649 1506 2681 Wm.
1532 2646 1579 2681 Et
1604 2646 1706 2681 alibi:
1738 2647 1940 2680 Tribulatio

301 2708 472 2749 proxima
506 2711 555 2739 est
587 2711 617 2739 et
648 2717 718 2739 non
752 2711 813 2749 est,
848 2708 910 2749 qui
935 2708 1076 2740 adiuvet
1103 2708 1172 2748 (Ps.
1194 2709 1249 2749 21,
1272 2709 1340 2743 12).
1391 2706 1500 2741 Item:
1541 2708 1768 2749 Duff-operia
1807 2708 1939 2749 impro-

302 2767 510 2807 perantimn
536 2766 625 2798 mihi
650 2766 849 2799 ceciderzmt
877 2777 986 2808 super
1011 2777 1064 2798 me.
1085 2766 1153 2806 (Ps.
1171 2768 1224 2809 68,
1242 2766 1308 2805 10).
1409 2765 1451 2799 16
1478 2764 1587 2808 igitur
1609 2767 1695 2799 W'm.
1796 2764 1837 2798 18
1858 2770 1940 2808 post

306 2823 562 2857 beatitudinem
598 2825 682 2859 add.
716 2825 792 2857 Wm
823 2823 901 2857 Non
934 2824 1027 2857 enim
1054 2823 1222 2868 possibile
1249 2826 1346 2857 esset
1371 2824 1406 2857 in
1433 2823 1557 2857 eadem
1583 2823 1702 2857 anima
1727 2823 1832 2857 simu]
1860 2835 1939 2857 esse

305 2882 485 2916 miseriam
531 2884 566 2916 et
610 2894 784 2917 summam
829 2882 893 2917 Dei
938 2882 1206 2923 beatitudinem,
1252 2894 1342 2926 quae
1379 2883 1504 2927 nequit
1541 2883 1665 2926 augeri
1707 2894 1773 2917 nec
1817 2883 1938 2916 minui.

308 2941 351 2974 19
379 2940 510 2975 habere
537 2953 601 2975 om.
619 2942 649 2974 Β
675 2943 758 2975 add.
780 2947 863 2985 post
889 2942 1068 2977 consistit:
1096 2941 1264 2976 habuisse
1291 2941 1464 2986 aequalia.
1563 2942 1605 2976 21
1629 2942 1782 2976 animam
1805 2941 1937 2976 Christi

306 3000 476 3034 minorem
514 3000 645 3035 habere
683 3001 897 3045 sapientiam
933 3013 1036 3046 quam
1075 3001 1299 3036 divinitatem
1332 3013 1481 3037 cum...
1510 3003 1597 3035 Wm.

1963 1901 1981 1926 f.

2002 1902 2035 1927 92

2048 1901 2083 1927 VO.
