2106 3453
274 687 289 711 5

260 1070 291 1094 10

261 1448 291 1473 15

313 262 355 297 72
365 261 380 279 *
906 261 1110 296 Sententiae
1137 261 1350 296 divinitatis.

454 366 529 407 Vel
563 365 646 406 alia
681 365 847 405 ratione
889 364 1050 406 factum
1093 367 1168 406 est.
1232 365 1374 405 Homo
1418 365 1531 406 enin]
1573 364 1761 405 maximo
1803 363 1944 414 gradu

311 429 540 494 superbiae
584 434 791 494 peccavit.
855 440 966 481 Sunt
1011 440 1210 493 equidem
1258 444 1344 481 tres
1387 440 1567 481 tumoris
1611 440 1717 482 baec
1763 439 1937 492 species

312 518 499 568 Prima,
535 530 630 558 cum
665 522 777 569 quae
810 516 940 557 homo
974 516 1118 567 habet,
1162 530 1186 558 a
1219 530 1264 557 se
1296 519 1422 569 putat
1454 516 1626 558 habere.
1691 516 1751 557 De
1793 515 1940 556 huius-

310 594 428 635 modi
451 587 596 643 erant,
631 593 703 645 qui
737 593 954 634 dicebant:
995 593 1095 644 Quis
1127 596 1261 633 noster
1297 591 1501 632 Dominus
1533 591 1625 632 est?
1681 591 1766 644 (Ps.
1797 593 1864 642 11,
1882 591 1941 643 5).

312 671 381 711 Et:
426 669 537 710 labia
569 673 710 709 nostra
750 683 776 708 (cv
807 668 922 708 uobis
954 672 1051 708 sim&
1085 668 1128 722 (l.
1150 668 1214 722 c.).
1280 668 1441 709 Contra
1483 681 1593 720 quos
1636 666 1938 720 Apostolus:

317 745 429 798 Quid
467 745 599 796 habea,
640 744 746 798 quod
789 758 869 784 non
909 743 1129 797 accepisti?
1189 743 1242 798 (Ι.
1283 744 1375 785 Cor.
1412 743 1525 796 4,7).
1564 738 1830 784 'Secunda
1875 745 1941 783 tu-

312 821 443 861 mOris
476 820 639 872 species
673 822 750 869 est,
789 810 884 860 eum
920 819 1015 871 quis
1054 820 1242 869 bonum,
1275 819 1391 871 quod
1433 818 1578 868 habet,
1625 818 1684 859 sio
1728 832 1773 859 se
1818 820 1943 870 putat

312 897 484 946 habere,
518 898 564 936 ut
598 895 685 936 suis
718 895 881 936 meritis
916 888 955 935 id
989 887 1034 936 se
1061 895 1277 948 accepisse
1303 895 1521 946 glorietur.
1549 903 1551 905 ’
1584 889 1703 935 Talis
1730 896 1835 941 erat,
1870 895 1942 946 qui

312 972 499 1014 dicebat:
540 972 711 1011 Gratias
743 984 818 1024 (190
851 970 937 1022 tibi,
970 970 1077 1025 quod
1101 984 1184 1010 ozon
1216 984 1305 1010 sum
1332 971 1437 1010 sicut
1467 964 1585 1010 'ceteri
1611 970 1791 1010 homines
1824 969 1941 1022 (Luc.
1977 976 1982 980 ’

314 1049 381 1100 18,
406 1047 492 1101 11).
556 1047 734 1088 Tertia
769 1049 845 1096 est,
888 1059 984 1087 cum
1028 1046 1123 1098 quis
1165 1040 1411 1086 horninibus
1453 1045 1713 1098 contemptis
1755 1045 1943 1097 singula-

310 1123 413 1164 riter
445 1112 579 1163 videri
612 1121 790 1175 appetit,
831 1122 871 1162 id
912 1124 989 1171 est,
1036 1135 1132 1163 cum
1179 1135 1257 1162 nec
1301 1128 1450 1174 parem
1496 1119 1579 1163 nec'
1620 1121 1806 1173 priorem
1852 1120 1942 1173 pati

310 1188 471 1252 potest.
529 1198 625 1248 Quo
659 1201 773 1239 certe
805 1191 960 1250 genere
994 1198 1173 1251 deliquit
1206 1198 1362 1249 Adam,
1406 1204 1504 1239 cum
1537 1197 1725 1250 serpenti
1760 1196 1943 1238 eredidit

311 1275 484 1316 dicenti:
545 1265 747 1315 Gonzedite
778 1277 813 1314 et
846 1265 960 1314 eritis
982 1266 1096 1313 vsicut
1126 1273 1187 1313 clii
1221 1273 1340 1327 (flea.
1374 1272 1491 1326 3,5),
1526 1273 1567 1313 id
1602 1275 1668 1314 est
1713 1272 1817 1313 nihil
1850 1272 1940 1313 Deo

312 1351 535 1400 debebitis,
575 1340 710 1392 immo
752 1350 861 1390 siout
905 1349 995 1401 ipse
1038 1349 1161 1390 vobis
1194 1348 1236 1389 in
1269 1349 1413 1401 aliquo
1447 1362 1533 1389 non
1576 1344 1754 1400 indiget,
1798 1348 1858 1390 ita
1902 1350 1943 1390 et

315 1440 388 1468 vos
420 1427 462 1467 in
495 1426 611 1467 nullo
645 1425 683 1466 ei
715 1425 928 1467 subiectos
962 1438 1054 1467 esse
1088 1425 1317 1478 oportebit.

434 1492 577 1544 luxta
603 1502 830 1543 materiam
859 1504 899 1542 et
926 1500 1107 1552 gradum
1137 1501 1289 1542 morbo
1318 1500 1529 1542 medicina
1556 1499 1803 1541 adhibenda
1832 1502 1897 1541 est
1914 1500 1941 1540 1.

312 1579 359 1619 In
381 1570 532 1620 eodem
556 1570 692 1631 gradu
716 1591 792 1630 per
819 1577 1082 1619 contrarium
1111 1580 1204 1618 erat
1230 1577 1505 1630 apponenda.
1563 1571 1769 1618 Summus
1796 1576 1943 1628 itaque

312 1656 471 1707 gradus
512 1644 741 1707 superbiae
778 1667 949 1695 summo
988 1654 1240 1695 humilitatis
1278 1666 1435 1705 genere
1480 1654 1696 1695 curandus
1742 1653 1783 1693 id
1830 1652 1943 1693 desi-

313 1732 507 1781 derabat,
549 1734 596 1771 ut
637 1742 723 1771 non
766 1744 841 1783 per
882 1730 1028 1780 alium,
1074 1730 1149 1771 sed
1188 1743 1264 1782 per
1296 1730 1436 1782 ipsum
1471 1730 1606 1771 Deum
1655 1730 1940 1770 humanatum

264 1827 297 1851 20
317 1807 424 1848 haec
466 1808 587 1848 fieret
625 1807 878 1858 redemptio.
944 1806 1052 1848 Nam
1097 1806 1130 1846 si
1172 1806 1349 1857 angelus
1389 1806 1445 1847 ad
1488 1806 1569 1847 hoe
1609 1806 1775 1856 legatus
1817 1807 1943 1854 esset,

259 2204 292 2230 25

258 2587 292 2611 30

313 1884 421 1924 foret
464 1883 636 1935 quidem
684 1895 882 1933 magnae,
925 1882 1000 1922 sed
1044 1895 1129 1922 non
1176 1895 1372 1923 summae
1419 1881 1675 1922 humilitatis
1720 1880 1943 1923 adhibitio.

312 1959 448 2000 Maior
480 1960 593 2000 enim
628 1972 679 2000 ea
711 1958 932 1999 humilitas
966 1958 1197 2009 excogitari
1232 1971 1318 1998 non
1352 1960 1538 2010 poterat.

455 2035 565 2075 Sunt
597 2047 786 2086 namque
819 2034 1070 2074 humilitatis
1102 2036 1188 2074 tres
1221 2033 1397 2086 species.
1460 2033 1650 2083 Prima,
1685 2046 1779 2086 <qua
1818 2034 1865 2074 fit
1896 2035 1942 2074 ut

313 2110 548 2152 maioribus
582 2110 738 2151 nostris
780 2123 859 2150 nos
901 2110 1056 2151 devote
1097 2109 1360 2150 subiciamus
1400 2113 1441 2151 et
1484 2109 1739 2162 aequalibus
1784 2109 1942 2150 nostris

313 2200 391 2227 nos
424 2200 510 2227 non
542 2187 851 2239 praeferamus.
916 2186 1168 2236 Secunda,
1204 2199 1290 2238 qua
1322 2185 1364 2226 id
1398 2185 1550 2237 agitur,
1593 2187 1640 2225 ut
1680 2198 1766 2225 non
1800 2185 1941 2226 solum

313 2262 617 2315 superioribus,
659 2262 735 2303 sed
773 2262 1026 2314 aequalibus
1059 2256 1216 2302 nOstris
1249 2275 1327 2302 nos
1361 2273 1670 2314 supponamus.
1734 2255 1942 2302 Tertius

314 2341 364 2380 et'
387 2351 582 2379 summus
615 2337 870 2379 humilitatis
902 2337 1061 2389 gradus
1096 2340 1171 2388 est,
1206 2337 1322 2390 quod
1357 2350 1443 2378 non
1484 2337 1620 2377 solum
1649 2336 1942 2389 superioribus

313 2418 354 2455 et
387 2415 656 2467 aequalibus,
692 2414 765 2455 sed
800 2414 929 2455 etiam
963 2414 1089 2465 longe
1123 2413 1392 2454 inferioribus
1425 2412 1582 2453 nostris
1616 2412 1834 2453 inferiores
1861 2425 1939 2453 nos

314 2491 534 2532 faciamus,
619 2490 708 2530 Hoc
743 2502 843 2540 ergo
884 2490 1136 2531 humilitatis
1179 2502 1334 2541 genere
1375 2501 1603 2542 perversae
1634 2488 1899 2529 celsitudinis
1934 2485 1938 2544 Ι

313 2566 477 2618 species
509 2566 549 2606 in
584 2565 831 2606 hominibus
864 2565 1162 2606 submovenda
1194 2567 1300 2615 erat,
1346 2565 1405 2605 ita
1446 2567 1493 2605 ut
1532 2577 1617 2605 non
1660 2565 1799 2610 solum
1839 2577 1940 2605 eon-

315 2641 494 2682 trarium
517 2641 746 2691 contrario,
769 2641 844 2682 sed
866 2641 906 2682 in
930 2641 1082 2682 eodem
1105 2641 1242 2693 gradu
1264 2640 1478 2682 contrario
1501 2640 1751 2692 expellatur.
1780 2671 1783 2673 —
1805 2640 1939 2681 Istum

457 2818 470 2850 1
496 2823 578 2860 post
603 2818 742 2851 ratione
768 2819 850 2852 add.
873 2820 904 2851 B
930 2817 975 2851 id.
1074 2818 1094 2851 2
1121 2817 1271 2851 tumoris
1296 2816 1397 2860 haee]
1425 2819 1581 2850 tumores
1608 2828 1669 2850 seu
1687 2818 1727 2849 R.
1805 2817 1824 2849 3
1852 2805 1942 2860 quae

313 2888 377 2911 om.
396 2878 436 2909 B.
540 2876 579 2909 10
600 2876 667 2919 est]
701 2876 733 2909 id
756 2879 811 2910 est
830 2879 867 2912 Β.
970 2877 1011 2910 12
1031 2879 1151 2921 potest
1170 2888 1235 2910 om.
1253 2879 1293 2910 Α.
1396 2876 1436 2909 16
1459 2877 1514 2909 est
1539 2887 1601 2909 om.
1622 2876 1661 2909 B.
1761 2876 1804 2908 26
1818 2886 1942 2918 aequa-

1962 2571 1980 2596 f.
2002 2571 2034 2596 90
2045 2569 2081 2595 v0.

313 2935 419 2979 libus]
440 2935 604 2968 cordibus
626 2938 667 2970 B.
765 2935 808 2969 27
830 2935 1084 2980 superioribus]
1106 2935 1278 2969 fratribus
1293 2938 1355 2968 A..
1411 2935 1454 2968 28
1478 2941 1557 2978 post
1579 2934 1787 2978 aequalibus
1812 2936 1894 2968 add.
1912 2935 1943 2966 Β

313 3005 378 3027 nos
404 2993 632 3028 subiciamus.
727 2999 807 3037 post
833 2994 967 3028 nostris
994 2996 1074 3028 add.
1103 2996 1135 3028 B
1160 2997 1205 3028 et.

459 3118 467 3136 ¹
495 3119 541 3153 cf.
570 3119 749 3161 August.
779 3121 899 3153 Sermo
929 3119 1004 3153 142.
1033 3130 1062 3154 o.
1091 3118 1132 3153 V.
1161 3118 1242 3161 (PL.
1269 3118 1324 3159 38,
1353 3118 1446 3159 780).
