2106 3453
8 326 28 352 f.
43 326 77 352 96
89 325 126 351 ν’).

639 212 832 250 Tracta-tus
860 213 902 250 V.
955 217 1005 251 De
1031 218 1277 254 sacramentis.
1686 221 1777 257 109*

258 314 317 355 De.
350 328 456 356 com
471 318 705 358 munibus
738 320 854 372 prius
885 322 889 371 j
918 321 1150 362 videndum
1187 326 1279 364 est..
1319 324 1435 365 Haec
1469 328 1615 366 autem
1651 327 1774 378 quin-

137 391 381 442 quepartita
408 395 526 434 sunt:
555 393 777 435 Primum
805 399 882 446 est,
911 398 1025 449 quod
1054 398 1241 450 pollutos
1270 400 1465 451 mundat,
1493 402 1774 442 secundum

137 467 369 507 mundatos
402 472 556 519 armat,
601 471 808 512 tertium
844 475 1034 514 armatos
1067 474 1242 525 relevat,
1290 479 1527 528 quartum
1562 478 1775 524 relevatos

135 543 224 583 Deo
282 544 546 597 incorporat,
605 547 837 599 quintum
890 549 978 590 Deo
1039 550 1334 603 incorporatos
1393 553 1564 594 divinae
1625 555 1774 596 visioni

135 623 444 670 repraesentat,
473 634 655 673 quorum
686 624 790 665 haec
813 628 911 665 sunt
936 627 1129 668 nomina:
1166 628 1477 680 Baptismus,
1508 630 1773 683 impositio

134 707 331 746 manus,
378 699 721 750 paenitentia,
768 714 950 754 corpus
992 706 1038 743 et
1074 705 1295 755 >sanguis
1338 705 1552 757 Christi,
1598 708 1772 748 unctio

132 770 396 813 sollemnis
429 773 767 818 infirmorum.

628 946 659 983 Ι.
701 946 757 985 De
789 950 1037 987 sacramento
1068 950 1271 999 baptismi.

273 1053 396 1095 Nunc
430 1055 488 1095 de
521 1060 844 1099 sacramento
878 1059 1144 1112 baptismi,
1189 1063 1304 1114 quod
1346 1064 1531 1115 primum
1567 1068 1631 1106 est
1663 1066 1772 1106 inter

132 1127 215 1168 alia
247 1134 532 1181 sacramenta,
568 1132 801 1174 videndum
837 1137 912 1175 est.

273 1204 356 1246 Sed
391 1207 530 1258 primo
564 1209 805 1250 notandum
847 1213 923 1260 est,
970 1212 1084 1264 quod
1126 1213 1166 1253 in
1203 1227 1464 1267 unoquoque
1498 1221 1770 1258 sacramento

131 1279 216 1320 duo
243 1284 343 1322 sunt
369 1284 697 1340 consideranda,
733 1286 968 1328 efficacia
995 1290 1256 1330 sacramenti
1292 1291 1572 1344 eiusdemque
1603 1293 1770 1344 digni-

131 1358 224 1398 tas,
282 1357 579 1400 Efficaciam
615 1362 874 1402 sacramenti
909 1376 1113 1405 vocamus
1146 1366 1442 1407 remissionem
1477 1372 1767 1420 peccatorum,

130 1445 259 1484 quam
308 1434 349 1473 in
389 1447 500 1486 aqua
541 1436 744 1488 baptismi
785 1439 1091 1491 consequimur
1130 1441 1286 1482 virtute
1326 1442 1491 1484 illorum
1539 1445 1768 1486 verborum

130 1521 241 1560 quae
275 1508 329 1549 ibi
363 1510 574 1552 dicuntur.
640 1512 949 1564 Dignitatem
992 1518 1251 1558 sacramenti
1294 1519 1409 1560 illam
1453 1533 1546 1561 esse
1587 1521 1768 1562 dicimus

129 1583 220 1624 illas
254 1585 577 1643 sollemnitates,
624 1602 737 1641 quae
779 1590 887 1631 fiunt
919 1592 974 1633 ad
1009 1593 1296 1635 reverentiam
1331 1597 1605 1647 sacramenti,
1652 1599 1768 1650 quod

130 1674 153 1700 a
187 1662 411 1703 sacerdote
453 1663 720 1719 benedicitur
761 1666 1040 1708 sollemnibus
1079 1669 1346 1711 vestimentis
1386 1671 1536 1713 induto
1577 1675 1618 1714 et
1651 1675 1767 1726 quod

129 1738 319 1778 accensis
353 1740 483 1780 cereis
516 1754 541 1782 a
572 1741 777 1782 ministris
805 1743 956 1785 eodem
986 1745 1152 1796 delatis,
1189 1749 1228 1787 et
1263 1748 1378 1799 quod
1406 1749 1537 1790 etiam
1565 1750 1767 1791 substan-

129 1813 212 1853 tiae
246 1814 342 1855 illae
373 1816 497 1867 panis
530 1819 571 1856 et
605 1818 689 1858 vini
724 1820 950 1860 transeunt
983 1820 1025 1861 in
1059 1834 1207 1863 verum
1243 1836 1400 1875 corpus
1435 1824 1604 1866 Christi.

271 1890 330 1931 De
380 1895 651 1933 sacramento
704 1907 805 1935 vero
858 1896 1061 1948 baptismi
1118 1898 1199 1939 hoc
1256 1900 1405 1940 ordine
1462 1902 1801 1944 tractabimus:2

127 1964 340 2016 primum
376 1967 772 2011 considerantes
799 1971 859 2012 de
892 1972 1000 2012 eius
1034 1975 1500 2025 praenuntiatione
1534 1979 1584 2017 et
1617 1978 1766 2019 insti-

127 2041 328 2083 tutione
379 2045 426 2084 et
474 2057 628 2086 causa
679 2046 1053 2100 institutionis,
1106 2050 1166 2090 de
1211 2051 1394 2102 forma,
1447 2055 1496 2093 et
1541 2054 1661 2106 quid
1706 2055 1765 2095 sit

127 2122 502 2160 sacramentum
544 2121 808 2174 baptismi,
856 2124 977 2176 quid
1010 2138 1089 2166 res
1123 2128 1456 2179 sacramenti,
1496 2129 1615 2181 quia
1650 2131 1764 2183 qui-

126 2193 238 2234 dam
273 2195 535 2247 accipiunt
561 2202 939 2241 sacramentum
969 2203 1168 2243 tantum
1198 2205 1245 2243 et
1272 2217 1367 2244 non
1397 2217 1518 2254 rem3
1553 2207 1762 2258 quidam

126 2281 226 2309 rem
262 2273 308 2311 et
341 2284 436 2311 non
472 2277 873 2325 sacramentum,
908 2277 1112 2328 quidam
1148 2281 1464 2332 utrumque1.

276 2347 307 2386 l.
336 2346 466 2388 Cuius
492 2351 880 2400 praenuntiatio
909 2355 1168 2395 sacramenti
1197 2355 1274 2395 fuit
1296 2356 1337 2396 in
1357 2357 1486 2397 beato
1508 2358 1761 2410 Johanne,

125 2421 197 2473 qui
237 2422 375 2474 primo
414 2424 648 2476 baptizavit
666 2428 692 2467 2.
756 2427 930 2469 Sciebat
963 2429 1076 2470 enim
1110 2429 1326 2472 Christum
1369 2433 1408 2473 in
1452 2433 1642 2475 adventu
1684 2448 1761 2476 suo

265 2583 286 2615 4
312 2581 386 2616 Deo
413 2595 477 2618 om.
504 2587 543 2618 A.
644 2586 663 2619 5
690 2598 837 2630 quorum
856 2588 1146 2624 ...infirmorum
1179 2603 1243 2624 om.
1271 2593 1314 2625 Β.
1416 2592 1457 2626 12
1484 2593 1659 2636 efficacia]
1688 2594 1761 2628 effi-

124 2639 255 2674 cientia
282 2645 323 2676 A.
449 2642 490 2676 13
517 2646 744 2687 peccatorum
771 2658 834 2680 (me.
867 2649 907 2681 Β.
1032 2649 1074 2682 14
1100 2650 1203 2693 aquis
1232 2652 1273 2684 B.
1407 2652 1449 2685 16
1475 2653 1697 2687 reverentias
1717 2656 1760 2687 A.

128 2700 168 2732 17
204 2700 340 2745 induto]
377 2701 542 2737 inductus
571 2705 612 2738 Β.
751 2705 791 2739 18
824 2713 906 2749 post
940 2708 1116 2742 ministris
1151 2711 1234 2743 add.
1262 2711 1295 2743 Β
1322 2710 1505 2745 ecclesiae.
1534 2724 1597 2746 om.
1626 2712 1759 2747 eodem.

124 2758 165 2792 21
196 2760 451 2794 considerando
472 2766 515 2796 A.
614 2765 923 2808 praenuntiatione
950 2770 1092 2810 sci-ipsi.
1117 2771 1146 2802 A
1164 2771 1194 2802 Β
1214 2770 1513 2813 pronuntiatione.
1612 2772 1656 2805 22
1683 2784 1760 2806 cau-

124 2829 200 2851 sam
216 2821 257 2852 A.
388 2820 433 2853 23
461 2821 544 2865 quia
569 2833 634 2856 om.
663 2825 694 2857 Β
720 2823 863 2867 quidam
892 2829 1155 2861 sacramentum
1183 2830 1219 2861 et
1244 2840 1312 2862 non
1341 2841 1426 2870 rem,
1453 2829 1596 2873 quidam
1624 2842 1696 2864 rem
1724 2833 1760 2865 et

124 2889 192 2910 non
220 2881 493 2920 sacramentum,
520 2881 620 2915 cuius
637 2909 643 2915 .
661 2909 668 2916 .
684 2910 690 2917 .
708 2884 751 2918 B.
849 2884 894 2918 26
921 2884 1025 2919 beato
1052 2898 1117 2920 om.
1140 2889 1182 2923 Β.

270 3009 281 3027 1
307 3012 369 3044 SS.
397 3011 439 3052 V,
466 3011 500 3046 2.
528 3012 608 3054 (128
630 3013 684 3054 A).

268 3068 280 3086 ²
305 3070 367 3103 SS.
396 3069 437 3110 V,
468 3071 497 3105 1.
526 3072 636 3115 (127);
664 3072 785 3107 Lomb.
813 3076 906 3108 Sent.
934 3074 956 3109 l.
983 3075 1044 3109 IV.
1073 3076 1103 3111 d.
1132 3077 1163 3111 2.
1191 3077 1297 3120 Mag.
1326 3077 1515 3120 Roland„
1543 3091 1575 3125 p.
1607 3081 1681 3116 197.

1792 1165 1825 1189 10

1791 1532 1823 1556 15
