2106 3453
12 1566 32 1591 f.
51 1566 84 1592 87
97 1566 133 1592 v0.

597 238 789 277 Tractatus
814 240 874 279 ΙΙΙ.
928 241 977 279 De
1004 246 1150 290 peccato
1177 245 1352 291 originali.
1714 248 1791 286 49*

160 340 337 392 species.
403 343 564 385 Dicitur
596 346 725 387 etiam
752 350 911 399 reatus,
946 349 1017 402 qui
1050 363 1138 390 non
1166 354 1228 392 est
1255 354 1368 402 actu,
1402 365 1470 393 res
1498 367 1603 404 esse,
1638 355 1793 397 dicitur

161 417 288 458 etiam
324 431 391 459 res
418 419 458 460 in
486 422 771 473 praescientia
798 424 955 475 divina,
989 439 1088 467 cum
1116 429 1260 468 tamen
1289 431 1387 470 actu
1422 430 1487 471 vel
1521 434 1677 473 natura
1705 445 1791 472 non

159 492 225 543 sit,
272 496 313 534 et
358 495 451 536 aliis
484 498 623 538 modis
656 500 891 542 secundum
927 502 1095 544 diversa
1128 516 1287 555 genera
1321 505 1502 547 essendi.
1567 507 1651 547 Sed
1685 508 1791 549 haec

158 568 252 618 tria,
278 570 436 611 scilicet
458 574 557 613 actu
579 586 685 624 esse,
713 588 806 617 esse
833 576 874 616 in
901 578 1199 628 praescientia,
1231 592 1324 620 esse
1345 583 1482 630 reatu,
1504 582 1559 623 ad
1585 595 1791 634 praesens

159 645 386 688 sufficiant.
449 647 521 689 Est
564 650 675 690 enim
719 651 759 692 in
793 653 1090 704 praescientia,
1125 656 1239 707 quod
1274 668 1360 696 non
1395 659 1459 697 est
1491 659 1603 700 actu.
1668 658 1791 699 Unde

156 719 391 763 Johannes:
432 724 550 775 Quod
572 724 730 778 factum
766 731 834 779 est,
870 729 913 767 in
947 730 1034 782 ipso
1069 731 1149 770 vita
1181 735 1270 771 erat
1303 731 1414 786 (dole.
1452 734 1498 784 1;
1529 735 1570 785 3,
1594 733 1651 786 4).
1686 734 1791 775 Pec-

157 797 267 845 cata,
296 810 408 849 quae
434 801 749 851 praeterierunt
776 805 889 854 actu,
917 807 1095 846 manent
1121 808 1258 847 reatu.
1317 807 1442 856 Quod
1472 808 1791 860 Augustinus

158 870 223 911 his
257 873 397 913 verbis
431 877 619 917 ostendit
653 878 699 918 in
734 878 863 919 libro
897 880 957 920 de
991 882 1187 934 nuptiis
1230 885 1277 923 et
1320 884 1789 936 concupiscentia1:

158 947 215 996 ,Si
256 949 351 1000 quis
398 950 540 992 fecerit
579 954 852 1006 adulterium,
904 957 982 997 etsi
1016 971 1236 1011 nunquam
1272 960 1472 1013 deinceps
1507 961 1648 1011 faciat,
1693 975 1792 1002 reus

155 1027 218 1087 ’est
254 1024 464 1077 adulterii,
506 1028 642 1070 donec
675 1033 821 1072 reatus
860 1032 1125 1085 indulgentia
1168 1035 1440 1078 ren·1ittatur.‘
1506 1037 1565 1077 Ex
1610 1037 1673 1078 his
1714 1052 1791 1090 ap-

155 1103 279 1153 paret
311 1105 425 1144 recte
458 1104 539 1145 dici
574 1118 667 1146 esse
702 1107 766 1147 vel
801 1121 989 1159 manere,
1025 1111 1141 1162 quod
1174 1114 1275 1152 actu
1308 1125 1393 1153 non
1428 1115 1504 1154 est.

299 1179 421 1220 Item
467 1181 585 1223 nulla
631 1186 692 1223 est
739 1183 1026 1226 adiunctionis
1072 1186 1282 1227 habitudo
1328 1188 1437 1229 inter
1481 1189 1703 1231 scientiam
1750 1192 1791 1231 et

156 1252 426 1296 inscientiam
474 1260 515 1297 et
560 1258 829 1300 occasionem
876 1262 1097 1313 peccandi.
1167 1263 1263 1304 Non
1310 1264 1439 1315 enim,
1485 1266 1585 1318 quia
1632 1267 1790 1307 scimus

156 1328 218 1369 vel
254 1331 468 1373 nescimus
501 1337 679 1385 peccata
712 1336 837 1376 nobis
870 1350 964 1378 esse
996 1338 1190 1389 remissa,
1225 1339 1326 1380 data
1362 1343 1425 1381 est
1458 1341 1582 1382 nobis
1615 1341 1789 1383 liberius

155 1405 360 1456 peccandi
395 1407 576 1465 occasio.
641 1409 767 1460 Quod
802 1411 943 1452 nullus
970 1412 1078 1455 sciat
1104 1427 1150 1454 se
1178 1427 1270 1455 esse
1296 1415 1538 1466 remissum,
1568 1430 1618 1458 ex
1646 1417 1787 1458 verbis

155 1480 399 1533 Apostoli
433 1486 628 1536 apparet,
663 1486 735 1538 qui
770 1486 871 1528 dicit
904 1488 957 1529 de
985 1502 1029 1529 se
1057 1489 1170 1541 ipso:
1199 1490 1320 1530 Nihil
1346 1493 1453 1531 em'm
1482 1492 1583 1532 milei
1608 1494 1790 1533 conscius

153 1570 256 1609 sum,
290 1558 359 1597 sed
389 1572 471 1599 uon
512 1560 516 1613 l
556 1561 601 1601 in
632 1561 704 1601 hoc
736 1562 980 1615 iustificatam
1012 1578 1102 1605 snm
1136 1566 1189 1619 (I.
1224 1567 1317 1608 Cor.
1346 1568 1385 1619 4,
1408 1567 1466 1621 4).
1531 1568 1654 1609 Unde
1687 1582 1790 1610 con—

155 1632 339 1675 vincitur
370 1635 473 1676 nulli
508 1649 601 1678 esse
629 1640 791 1679 certum
827 1639 869 1680 in
896 1640 976 1681 hac
1003 1642 1104 1691 vita,
1133 1643 1247 1694 quod
1275 1646 1455 1695 peccata
1482 1644 1566 1685 sint
1593 1645 1786 1697 dimissa;

153 1709 228 1749 sed
263 1714 634 1753 sacramentorum
668 1715 885 1767 susceptio
929 1718 970 1757 et
1012 1717 1271 1759 exteriorum
1314 1719 1438 1760 nobis
1482 1720 1681 1761 indicium
1726 1724 1789 1762 est

153 1786 193 1824 et
226 1790 528 1837 argumentum
562 1789 774 1830 interioris
807 1792 1083 1834 remissionis.

295 1862 483 1905 Dicimus
511 1864 625 1905 enim
652 1869 750 1918 post
777 1866 1042 1920 baptismum
1072 1870 1384 1922 poenitentiam
1414 1884 1499 1912 non
1524 1884 1616 1912 esse
1637 1885 1786 1925 super-

152 1935 298 1989 fluam,
332 1940 407 1981 sed
441 1941 744 1992 necessariam,
778 1956 874 1984 cum
910 1944 1008 1985 inde
1042 1944 1201 1986 habeat
1235 1946 1485 1989 efficaciam.
1548 1948 1674 1998 Quod
1708 1962 1785 1990 au-

151 2015 236 2054 tem
271 2014 414 2057 futura
441 2019 618 2068 peccata
646 2018 688 2058 in
716 2019 933 2072 baptismo
961 2021 1250 2072 remittantur,
1288 2022 1389 2064 dicit
1415 2023 1784 2073 Augustinus‘2:

151 2089 248 2142 ,Sic,
282 2092 473 2145 inquam,
508 2094 804 2147 accipiendum
839 2099 915 2147 est,
956 2100 1004 2138 ut
1037 2098 1189 2140 eodem
1230 2099 1403 2141 lavacro
1447 2102 1785 2152 regenerationis

151 2169 193 2207 et
225 2168 356 2209 verbo
389 2169 741 2212 sanctificationis
775 2172 921 2214 omnia
962 2187 1139 2226 prorsus
1182 2175 1296 2217 mala
1340 2176 1564 2217 hominum
1609 2189 1783 2228 regene-
1805 2191 1820 2215 ‘3

292 2349 309 2383 1
337 2351 459 2385 reatus
478 2361 543 2384 om.
557 2351 601 2385 B.
679 2352 769 2386 1—2
784 2352 913 2387 dicitur
939 2354 1048 2388 etiam
1074 2367 1132 2390 res
1145 2367 1209 2390 om.
1227 2359 1257 2390 A
1344 2357 1365 2390 2
1386 2358 1626 2401 praescientia
1643 2362 1786 2403 scripsi.

155 2410 231 2442 AR
266 2410 481 2453 praesentia.
520 2412 565 2452 cf.
597 2412 712 2453 infra.
818 2414 911 2446 4—5
945 2414 1102 2448 sufficiat
1132 2418 1175 2450 A.
1281 2417 1301 2449 5
1340 2418 1579 2461 praescientia
1620 2422 1647 2452 A
1689 2430 1786 2467 prag-

149 2468 267 2501 sentia
295 2469 335 2503 B.
449 2469 491 2503 10
517 2469 587 2514 est]
615 2470 684 2504 erit
711 2473 751 2507 Β.
866 2473 909 2506 13
937 2474 1172 2516 occasionem]
1206 2475 1382 2510 actionem
1411 2480 1451 2510 A.
1556 2479 1596 2511 14
1623 2478 1679 2512 vel
1706 2490 1784 2512 nes-

148 2526 263 2561 cimus
297 2539 362 2562 om.
396 2529 438 2562 R.
563 2529 604 2563 15
640 2530 732 2574 quod
759 2534 902 2574 .s·‹·rip.s·i.
934 2533 1102 2576 quoniam
1128 2536 1156 2567 Α
1180 2534 1309 2578 quiaB.
1437 2537 1479 2570 16
1518 2536 1591 2581 qui]
1631 2537 1714 2581 quia
1745 2538 1784 2572 Ι).

152 2585 194 2619 19
215 2588 271 2621 est
284 2599 348 2621 om.
366 2589 407 2621 B.
481 2587 528 2622 24
553 2587 725 2630 sichicut
738 2592 779 2624 Β.
875 2597 956 2635 post
982 2592 1125 2636 inquam
1153 2595 1236 2627 add.
1264 2596 1355 2637 Any.
1381 2594 1458 2630 hoc.

296 2771 302 2788 ¹
331 2772 513 2816 August.
566 2775 617 2807 De
651 2779 751 2817 nupt.
789 2780 819 2807 et
845 2786 936 2808 conc.
965 2774 987 2809 l.
1016 2774 1040 2809 Ι.
1068 2786 1097 2809 c.
1124 2775 1180 2809 26.
1214 2787 1246 2809 n.
1273 2775 1317 2809 29
1353 2776 1433 2819 (PL.
1460 2778 1516 2818 44,
1542 2779 1641 2821 430):
1693 2778 1782 2813 Nam

150 2831 180 2865 si
206 2831 406 2876 quisquam,
433 2831 533 2866 verbi
554 2833 683 2875 gratia,
702 2833 829 2867 fecerit
849 2833 1073 2875 adulterium,
1108 2834 1249 2868 etiamsi
1271 2847 1451 2879 nunquam
1473 2836 1641 2882 deinceps
1662 2838 1782 2878 faciat,

150 2902 232 2924 reus
258 2893 313 2925 est
339 2891 514 2933 adulterii,
552 2891 662 2926 donec
688 2899 810 2926 reatus
837 2893 949 2937 ipsius
976 2893 1199 2936 indulgentia
1224 2894 1498 2931 remittatur...
1514 2896 1661 2931 Manent
1687 2910 1781 2940 ergo,

150 2949 218 2984 nisi
254 2951 492 2985 remittantur.
544 2950 611 2985 Sed
647 2951 822 2996 quomodo
857 2954 1013 2993 manent,
1050 2953 1079 2986 si
1117 2953 1312 2997 praeterita
1345 2956 1438 2996 sunt,
1481 2955 1549 2989 nisi
1576 2957 1660 2999 quia
1686 2968 1783 3001 prae-

148 3008 324 3043 terierunt
350 3011 442 3051 actu,
470 3012 617 3044 manent
642 3012 774 3045 reatu?

292 3073 305 3090 ‘·'
333 3077 384 3108 De
409 3078 547 3119 nuptiis
573 3081 603 3109 et
629 3088 771 3120 concup.
798 3076 820 3113 l.
848 3077 873 3112 1,
902 3088 930 3112 e.
958 3077 1013 3112 33.
1041 3089 1075 3113 n.
1102 3078 1157 3113 38.
1185 3078 1268 3119 (PL.
1294 3080 1351 3119 44,
1380 3080 1473 3120 435).

239 3157 413 3190 nem-age
433 3158 493 3188 vn,
513 3158 590 3184 2—3.
629 3159 757 3191 Geyer,
779 3160 856 3185 sent.
878 3160 989 3185 divinit.
1613 3153 1639 3192 d

1813 1054 1845 1078 10

1809 1432 1841 1456 15

1805 1811 1840 1837 20
