2106 3453
248 1012 281 1037 10

249 1395 282 1420 15

253 2162 286 2188 25

297 200 342 234 20
353 200 370 218 *
893 199 1101 233 Sententiae
1129 197 1339 232 divinitatis.

299 303 340 344 in
387 304 586 344 omnibus
632 303 865 344 obnoxium
913 302 1183 353 intelligeret;
1239 301 1474 342 voluntatis
1518 300 1833 352 rectitudinem,
1880 305 1927 343 ut

298 394 373 432 per
413 380 557 421 omnia
600 380 770 422 divinae
803 380 1014 421 voluntati
1056 379 1328 420 consentiret.
1392 378 1473 419 Per
1514 379 1764 420 memoriam
1809 379 1925 420 Patri

299 458 622 507 assimilaretur,
665 470 742 509 per
786 457 1046 498 intellectum
1094 456 1198 497 Filio
1241 456 1604 505 conformaretur,
1646 468 1722 507 per
1775 456 1928 497 volun—

298 535 400 575 tatis
426 534 728 575 rectitudinem
757 534 934 587 Spiritui
962 536 1112 575 sancto
1141 533 1514 585 conpaginaretur.
1574 532 1778 573 Memoria
1806 533 1929 585 quasi

300 611 428 652 Pater
461 613 539 662 est,
575 625 600 652 a
632 624 717 663 quo
751 604 991 652 intellectus
1024 614 1065 652 et
1100 610 1321 659 voluntas;
1356 610 1595 650 intellectus
1630 610 1752 662 quasi
1785 609 1927 660 Filius,

300 689 400 740 quia
433 688 633 729 discretio
667 691 708 729 et
742 688 982 729 intellectus
1015 687 1070 728 ad
1105 688 1255 728 Filium
1289 686 1474 739 respicit,
1516 686 1589 738 qui
1623 688 1686 726 est
1718 686 1927 739 sapientia

299 765 452 815 Patris,
483 766 526 805 in
552 779 628 819 quo
650 769 745 805 amet
772 779 907 805 omnes
934 765 1117 805 thesaura·
1142 765 1369 818 sapientiae
1395 768 1429 803 et
1455 764 1644 804 scientiae
1665 762 1847 816 (ColJI,
1863 763 1931 817 3),-

300 842 502 882 voluntas
530 841 714 893 Spiritus
742 844 917 883 sanctus
944 842 1167 893 figuratur,
1201 841 1273 893 qui
1300 840 1440 881 Patris
1468 843 1508 881 et
1538 840 1630 881 Filii
1656 840 1827 881 bonitas
1854 843 1929 882 est.

301 919 345 959 In
391 919 613 959 voluntate
654 931 754 959 vero
796 918 968 959 bonitas
1002 920 1043 959 et
1076 931 1242 958 morum
1277 917 1532 969 compositio
1565 916 1772 967 consistit,
1807 918 1847 957 et
1886 919 1931 956 ut

301 995 354 1036 de
381 994 588 1036 memoria
616 994 869 1043 intellectus,
897 996 937 1035 et
966 994 1019 1035 de
1039 996 1224 1046 utroque
1252 994 1466 1043 voluntas,
1499 993 1558 1034 sic
1580 993 1632 1034 de
1653 993 1781 1034 Patre
1802 993 1931 1033 Filius

301 1074 343 1112 et
374 1071 428 1111 de
459 1070 587 1111 Patre
633 1073 674 1111 et
714 1070 817 1111 Filio
860 1070 1044 1122 Spiritus
1084 1073 1272 1111 sanctus.
1336 1070 1454 1111 Istud
1487 1070 1626 1112 maius
1660 1072 1701 1111 et
1735 1069 1932 1122 superius

302 1151 365 1189 est
398 1150 608 1200 quantum
644 1147 700 1188 ad
728 1147 956 1189 creationis
984 1147 1251 1198 dignitatem,
1285 1147 1387 1187 illud
1422 1149 1582 1197 autem,
1617 1147 1731 1200 quod
1760 1146 1933 1187 inferius

301 1227 378 1275 est,
416 1225 573 1265 scilicet
612 1225 667 1265 ad
704 1224 934 1275 imaginem
968 1223 1057 1273 Dei,
1092 1223 1230 1264 maius
1272 1225 1335 1264 est
1369 1223 1561 1264 merendi
1594 1224 1774 1265 ratione.
1826 1222 1931 1263 Ecce

305 1301 525 1353 quomodo
559 1301 695 1342 factus
730 1303 793 1341 est
826 1300 957 1340 homo
991 1299 1044 1340 ad
1080 1299 1309 1350 imaginem
1345 1302 1386 1341 et
1418 1299 1736 1341 similitudinem
1775 1300 1861 1341 Dei.

446 1378 494 1418 Il.
531 1378 656 1418 Modo
684 1377 735 1418 de
763 1377 967 1427 secundo,
1001 1377 1158 1418 scilicet
1186 1377 1237 1417 de
1264 1377 1429 1418 libero
1462 1377 1703 1427 arbitrio,
1738 1377 1933 1429 quaestio

303 1458 380 1505 est,
415 1454 531 1507 quod
566 1455 679 1496 Deus
720 1454 883 1494 homini
922 1454 962 1494 in
1008 1454 1224 1495 creatione
1269 1454 1461 1504 contulit,
1508 1467 1584 1507 per
1628 1454 1744 1506 quod
1788 1456 1935 1506 posset

301 1532 458 1573 salvari
501 1534 542 1572 et
574 1531 785 1573 damnari.
851 1531 943 1572 Duo
985 1532 1097 1572 enim
1146 1533 1290 1581 sunt1‚
1334 1544 1466 1572 unum
1511 1544 1560 1572 ex
1599 1544 1684 1583 quo
1718 1531 1771 1571 sit
1804 1530 1932 1580 salus,

303 1609 499 1659 alterum,
552 1608 594 1648 in
651 1621 736 1660 quo
789 1608 840 1648 sit
887 1608 951 1648 vel
999 1608 1065 1648 cui
1110 1608 1175 1648 sit.
1281 1607 1402 1648 Unde
1452 1607 1506 1648 sit
1551 1607 1666 1649 salus
1711 1607 1744 1647 si
1802 1619 1934 1658 quae-

306 1685 432 1726 ritur:
485 1698 534 1726 ex
578 1685 666 1726 Deo
708 1685 867 1725 scilicet
907 1687 947 1725 et
985 1683 1254 1739 gratiajDeh
1300 1685 1415 1725 solus
1464 1684 1575 1725 enim
1618 1684 1731 1725 Deus
1785 1686 1937 1724 auctor

248 1778 263 1803 2
305 1762 455 1803 salutis
500 1764 576 1802 est.
658 1760 867 1811 Alterum,
916 1761 956 1801 in
999 1774 1084 1813 quo
1126 1762 1180 1802 sit
1222 1761 1284 1802 vel
1318 1761 1383 1801 cui
1429 1761 1503 1801 sit:
1549 1761 1723 1802 libertas
1756 1761 1934 1802 arbitrii,

303 1839 403 1880 Sine
435 1839 500 1879 his
532 1838 701 1879 duobus
736 1838 852 1878 salus
887 1850 978 1880 esse
1014 1851 1098 1878 non
1132 1839 1287 1889 potest.
1352 1837 1472 1878 Tolle
1512 1836 1623 1878 enim
1659 1837 1856 1888 gratiam,
1895 1839 1936 1877 et

303 1928 387 1956 non
423 1915 514 1964 erit,
548 1915 663 1956 unde
696 1915 904 1962 salvetur;
950 1914 1051 1955 tolle
1084 1913 1263 1955 liberum
1298 1913 1537 1964 arbitrium,
1581 1916 1622 1954 et
1655 1926 1739 1953 non
1775 1916 1850 1962 est,
1894 1913 1936 1953 in

304 2006 388 2045 quo
421 1993 497 2034 fiat
536 1992 651 2032 salus
691 1991 756 2031 vel
794 1990 860 2031 cui
906 1991 992 2032 fiat.
1059 1990 1342 2031 Videndum
1390 1993 1464 2030 est
1509 2001 1649 2040 ergO,
1694 1989 1770 2030 cui
1816 2002 1935 2029 con-

306 2069 480 2109 veniat
530 2068 746 2109 liberum
798 2067 1070 2109 arbitrium
1123 2069 1169 2108 et
1219 2066 1352 2107 unde
1397 2066 1462 2107 sit
1513 2067 1730 2107 liberum
1782 2069 1830 2107 et
1884 2066 1934 2106 in

306 2146 492 2198 quibus
526 2147 737 2186 constet.

452 2223 485 2262 1.
520 2221 602 2262 Sed
625 2221 742 2273 prius
764 2220 1103 2262 considerandae
1124 2222 1224 2260 sunt
1251 2219 1473 2272 quinque
1497 2219 1627 2260 vires
1652 2219 1721 2259 vel
1746 2221 1936 2271 poten-

306 2299 424 2349 tiae,
467 2312 578 2351 quae
612 2298 800 2351 quodam
836 2297 965 2338 modo
999 2297 1199 2339 videntur
1239 2297 1543 2348 approximare
1576 2296 1708 2336 libero
1742 2295 1933 2345 arbitrio,

446 2425 465 2457 5
492 2423 594 2467 quasi
615 2435 678 2458 om.
696 2425 736 2457 Β.
835 2421 951 2456 9-10
977 2423 1012 2455 et
1033 2421 1075 2455 de
1090 2422 1195 2455 Patre
1209 2421 1331 2462 Filius,
1352 2421 1403 2455 sic
1425 2420 1466 2454 de
1486 2420 1657 2455 memoria
1676 2420 1882 2454 intellectus
1902 2421 1938 2453 et

305 2483 347 2516 de
382 2485 530 2527 utroque
568 2482 743 2517 voluntas.
790 2481 888 2515 Istud
908 2482 1007 2517 ...Β
1041 2483 1077 2515 et
1109 2483 1148 2514 ut
1181 2480 1222 2514 de
1254 2480 1361 2514 Patre
1387 2479 1499 2514 Filius
1532 2479 1573 2513 de
1605 2479 1856 2520 memoria...,
1884 2479 1936 2513 sic

305 2542 347 2575 de
373 2541 480 2576 Patre
506 2544 541 2575 et
560 2541 649 2575 Filio
675 2543 711 2575 et
737 2541 871 2586 Spiritu
898 2542 1021 2574 sancto
1039 2543 1078 2574 Α.
1181 2540 1222 2573 12
1249 2539 1341 2583 quod
1362 2551 1425 2572 om.
1445 2541 1484 2573 A.
1588 2538 1628 2572 13
1654 2538 1793 2572 scilicet
1812 2539 1935 2573 0111.A.

309 2601 349 2634 15
376 2600 522 2634 arbitrio
538 2600 669 2635 homini
686 2600 721 2634 in
736 2600 915 2634 creatione
929 2600 1057 2633 collato
1075 2601 1115 2633 Β.
1199 2599 1239 2632 17
1268 2599 1316 2632 sit
1330 2610 1394 2632 om.
1406 2600 1446 2634 R.
1548 2597 1589 2631 18
1616 2597 1650 2630 in
1672 2596 1753 2641 quo]
1769 2597 1802 2630 in
1819 2609 1882 2630 om.
1895 2598 1937 2632 R.

304 2659 374 2702 vel]
396 2662 432 2693 et
446 2663 484 2695 A.
569 2672 631 2694 cur
644 2663 672 2694 Α
686 2662 717 2694 Β
731 2660 787 2694 cui
803 2660 907 2693 Rern.
957 2671 960 2675 ’
983 2659 1012 2693 si
1027 2658 1211 2703 quaeritur
1224 2670 1287 2693 om..
1311 2659 1350 2693 Β.
1429 2658 1470 2691 19
1497 2668 1541 2690 ex
1555 2656 1642 2698 Deo]
1658 2655 1755 2690 Deus
1770 2657 1806 2689 et
1820 2654 1937 2697 gratia

307 2722 370 2755 Dei
391 2721 432 2755 Β.
577 2720 622 2753 20
648 2731 753 2753 unum
789 2721 817 2752 A
855 2720 897 2752 In
934 2720 964 2752 B
996 2720 1146 2752 alterum
1181 2722 1371 2751 correctum
1407 2722 1455 2750 est
1484 2719 1522 2749 in
1555 2726 1674 2751 unum.
1819 2725 1881 2748 cur
1907 2714 1939 2746 B

305 2781 361 2814 cui
389 2783 427 2814 in
449 2780 476 2813 A
505 2785 710 2813 correctlml.
809 2778 853 2812 25
873 2777 1049 2811 consistat
1072 2779 1111 2810 Β.
1209 2776 1253 2810 26
1274 2781 1358 2820 post
1383 2775 1537 2819 quinque
1564 2776 1647 2807 add.
1674 2773 1814 2808 scilicet
1835 2774 1877 2806 B.

451 2894 461 2911 ¹
486 2894 547 2935 Ea,
569 2905 660 2938 quae
674 2894 880 2937 sequuntur,
897 2891 1084 2935 desumpta
1104 2892 1188 2923 sunt
1201 2901 1246 2923 ex
1259 2890 1416 2923 tractatu
1431 2887 1486 2922 St.
1509 2886 1723 2921 Bernardi
1754 2888 1806 2919 De
1816 2887 1939 2928 qratia

306 2960 335 2988 et
363 2955 471 2987 libero
497 2955 658 2989 arbitrio.
695 2965 723 2987 c.
751 2953 774 2986 1,
804 2964 836 2986 n.
864 2952 895 2985 2.
931 2950 1011 2991 (PL.
1052 2949 1129 2990 182,
1166 2948 1254 2983 1002
1295 2949 1367 2989 B.):
1419 2946 1518 2980 Tolle
1555 2945 1703 2980 liberum
1739 2944 1937 2984 arbitrium,

307 3015 343 3047 et
368 3024 437 3046 non
472 3012 540 3046 erit
566 3012 658 3056 quod
684 3011 859 3046 salvetur:
899 3008 984 3044 tolle
1010 3008 1175 3052 gratiam,
1202 3018 1270 3041 non
1298 3006 1366 3040 erit
1398 3005 1490 3039 unde
1516 3005 1688 3040 salvetur.
1739 3003 1837 3047 Opus
1872 3002 1938 3036 hoc

307 3072 382 3106 sine
409 3071 543 3104 duobus
570 3070 663 3104 effici
690 3082 757 3104 non
792 3071 923 3113 potest:
952 3080 1020 3102 uno
1047 3079 1067 3101 a
1093 3078 1161 3111 quo
1188 3066 1246 3106 fit;
1275 3065 1386 3099 altero
1414 3064 1482 3104 cui,
1512 3063 1568 3097 vel
1595 3063 1629 3097 in
1657 3074 1726 3107 quo
1754 3062 1806 3097 fit.
