2106 3453
557 207 749 243 Tractatus
775 208 800 242 I.
853 208 903 242 De
930 208 1110 243 creatione
1136 208 1266 245 mundi.
1666 209 1733 244 15*

239 313 474 354 Secunda
521 313 600 353 die
645 313 803 354 factum
852 314 915 353 est
959 312 1281 354 firmamentum
1333 312 1375 353 in
1428 314 1570 354 medio
1624 314 1735 355 illius

98 389 358 430 confusionis
397 389 450 430 de
491 389 626 442 aquis.
692 389 756 430 Ita
794 402 871 442 per
903 402 1061 441 aquam
1097 392 1137 429 et
1171 389 1322 429 divisio
1356 389 1467 431 facta
1503 393 1584 439 est;
1632 404 1733 443 pars

98 478 226 517 super
259 466 438 515 caelum,
475 478 575 518 pars
608 465 687 506 sub
727 465 846 506 caelo
879 465 1099 507 remansit.
1185 465 1307 505 Unde
1354 466 1524 507 dicitur:
1607 467 1734 508 Benc-

96 541 217 581 dieite
261 556 363 596 qnae
403 555 527 595 super
568 541 674 581 caelo
709 541 839 594 (Dan.
876 542 914 592 3,
951 540 1036 594 60).
1102 540 1229 590 Quod
1274 541 1371 582 licet
1403 542 1561 583 factum
1597 543 1650 583 sit
1682 543 1735 584 de

97 617 233 670 aquis,
268 617 377 658 adeo
411 619 556 659 tamen
592 618 655 658 est
693 616 891 667 solidum,
926 617 1041 669 quod
1076 630 1126 657 eo
1166 616 1269 657 nihil
1303 617 1492 668 solidius,
1528 618 1660 659 veluti
1693 619 1734 660 in
1774 635 1790 659 5

96 693 231 744 glacie
264 695 306 734 et
338 692 523 734 cristallo
556 692 690 734 videri
722 694 878 745 potest,
913 705 1024 745 quae
1051 692 1187 733 solida
1223 695 1264 734 et
1297 692 1414 734 clara
1447 696 1546 735 sunt
1566 695 1592 735 1.

238 770 299 810 De
332 769 663 811 firmamento
697 768 791 818 isto,
819 768 915 810 licet
943 781 1028 809 non
1055 769 1270 821 pertineat
1297 769 1351 811 ad
1378 782 1585 821 praesens
1613 783 1734 823 opus,

97 845 332 898 quaeritur,
378 848 521 886 utrum
568 845 621 885 sit
667 844 824 885 mobile
843 847 869 886 2.
919 844 1099 885 ‘Dicunt
1143 844 1334 897 quidam,
1375 845 1492 898 quod
1535 848 1600 887 est
1645 860 1736 887 mo-

96 921 193 971 bile,
237 924 278 963 et
321 924 385 962 est
427 924 575 963 tantae
617 921 819 972 agilitatis
862 923 903 962 et
945 920 1195 971 velocitatis,
1239 921 1355 973 quod
1398 921 1509 962 inter
1548 921 1660 963 diem
1696 926 1736 963 et

98 1000 271 1038 noctem
305 998 359 1038 ab
394 997 545 1038 eodem
580 999 740 1049 puncto
774 997 828 1038 ad
872 996 983 1037 idem
1027 999 1235 1049 punctum
1280 998 1507 1038 revertitur
1549 1001 1736 1050 septem-

99 1086 180 1126 que
214 1074 411 1126 planetas
443 1086 521 1114 sua
556 1072 795 1114 mobilitate
828 1086 878 1113 ac
910 1072 950 1112 vi
983 1085 1062 1112 sua
1095 1072 1227 1113 trahit
1253 1062 1419 1118 secum:
1455 1073 1565 1114 sicut
1592 1074 1736 1126 aquila

101 1150 249 1191 volans
283 1149 325 1190 in
359 1154 458 1190 aere
497 1162 701 1201 pennam,
736 1161 848 1201 quae
880 1148 937 1188 illi
965 1149 1124 1198 subest,
1153 1149 1317 1201 impetu
1344 1149 1512 1190 alarum
1540 1152 1581 1191 et
1608 1153 1736 1191 vento

99 1238 227 1278 quem
270 1225 371 1266 facit
410 1238 555 1266 secum
589 1224 735 1266 trahit.
800 1224 888 1265 Sed
922 1224 1167 1277 opponitur,
1203 1238 1298 1265 cum
1339 1225 1544 1277 strepitus
1585 1226 1654 1267 ille
1696 1228 1736 1267 et

99 1302 289 1354 impetus
322 1314 459 1354 usque
492 1301 548 1341 ad
580 1301 776 1342 lunarem
809 1300 983 1352 globum
1016 1300 1176 1350 veniat,
1210 1314 1284 1342 cur
1316 1313 1454 1353 usque
1486 1301 1541 1341 ad
1574 1304 1735 1343 terram

98 1391 184 1418 non
226 1378 471 1420 descendat.
536 1378 685 1419 Potest
726 1379 870 1418 autem
915 1377 1010 1427 dici,
1052 1377 1170 1429 quod
1212 1383 1286 1418 aer
1323 1378 1517 1430 impedit,
1560 1380 1607 1418 ut
1649 1391 1734 1418 non
1777 1392 1790 1416 5

101 1467 193 1496 eam
236 1455 488 1496 sentiamus.
575 1454 820 1507 Magister
852 1454 1031 1506 Hugo3
1074 1453 1188 1503 dicit,
1231 1454 1348 1507 quod
1389 1457 1452 1495 cst
1502 1454 1736 1505 immobile,

100 1530 201 1583 quia
255 1530 466 1581 significat
516 1530 657 1582 ipsum
710 1531 962 1579 creatorem,
1022 1529 1172 1571 stellae
1217 1532 1404 1580 sanctos,
1449 1529 1568 1571 iuxta
1614 1530 1735 1571 illud:

103 1605 230 1646 Stella
269 1620 293 1646 α
328 1606 442 1646 stella
476 1605 618 1658 differt
646 1606 689 1645 in
709 1606 897 1646 claritate
912 1605 965 1658 (I.
993 1605 1087 1646 Cor.
1112 1607 1180 1657 15,
1204 1604 1291 1658 41),
1314 1606 1498 1658 ideoque
1518 1608 1566 1646 ut
1586 1605 1738 1647 melius

81 1682 324 1723 .videamus
370 1681 425 1732 id,
472 1682 589 1734 quod
631 1681 943 1722 immutabilem
986 1683 1284 1734 repraesentat
1329 1684 1371 1723 et
1413 1682 1631 1722 immobile
1671 1682 1737 1732 sit,

101 1758 217 1810 quod
247 1757 455 1800 mutabile
481 1760 529 1798 ut
555 1757 704 1798 stellae
730 1757 910 1798 mobiles
937 1759 1051 1807 sunt,
1087 1759 1127 1798 et
1153 1757 1392 1798 secundum
1419 1757 1499 1798 hoc
1525 1770 1612 1798 non
1639 1760 1739 1798 sunt

99 1834 269 1884 infixae,
304 1834 379 1875 sed
412 1834 534 1886 parili
569 1836 690 1874 motu
722 1836 953 1875 moventur
986 1833 1054 1874 illa
1089 1833 1185 1874 talis
1219 1833 1377 1875 chorea
1410 1833 1645 1875 stellarum.

240 1909 420 1952 Tertia
462 1910 571 1951 die⁴
617 1910 893 1962 congregavit
938 1910 1053 1951 Deus
1094 1923 1245 1951 omnes
1285 1923 1423 1963 aquas
1462 1923 1574 1962 quae
1617 1912 1740 1952 erant

100 1987 179 2028 sub
224 1987 497 2028 firmamento
543 1987 584 2027 in
630 1999 765 2027 unum
811 1987 965 2035 locum,
1010 1987 1170 2028 scilicet
1211 1986 1253 2027 in
1298 1986 1521 2039 proprium
1567 1986 1736 2027 alveum

101 2063 367 2113 constrinxit,
414 2062 573 2104 scilicet
618 2062 659 2103 in
706 2062 928 2103 matricem
975 2062 1177 2116 abyssum
1225 2075 1438 2114 aquarum
1485 2062 1552 2102 vel
1597 2063 1739 2103 locum

100 2140 230 2181 maris
262 2138 407 2189 magni
451 2138 517 2179 vel
559 2138 887 2180 subterraneam
930 2138 1260 2189 concavitatem,
1303 2140 1345 2178 et
1385 2137 1587 2191 apparuit
1628 2138 1736 2186 talis,
1760 2153 1774 2177 ε

242 2266 262 2298 2
288 2265 398 2299 ita...
421 2265 468 2306 et]
491 2263 611 2308 itaque
633 2275 726 2308 aqua
740 2266 775 2297 et
788 2266 830 2298 A.
928 2264 1020 2298 3—4
1050 2263 1269 2306 Benedicite]
1285 2263 1374 2297 bene
1389 2275 1480 2308 quae
1496 2266 1540 2299 A.
1615 2265 1634 2297 6
1655 2266 1740 2298 sunt

101 2326 224 2359 0m.A.
377 2324 418 2357 16
451 2323 531 2367 Ugo
563 2325 604 2358 B.
751 2324 791 2357 17
831 2323 989 2367 sanctos]
1027 2325 1232 2357 sanctorum
1255 2325 1298 2358 A.
1337 2360 1344 2364 ,
1448 2323 1488 2357 18
1524 2325 1564 2357 ut
1603 2336 1667 2358 om.
1696 2326 1739 2359 A.

102 2385 217 2417 Locus·
249 2389 440 2426 corruptus
467 2389 525 2417 est.
624 2383 668 2417 22
705 2382 801 2417 Deus
836 2395 901 2418 om..
929 2385 972 2417 A.
1071 2383 1115 2417 23
1148 2382 1226 2425 sub]
1262 2394 1368 2427 super
1404 2382 1667 2417 firmamentum
1696 2385 1740 2418 B.

102 2442 146 2476 25
173 2442 292 2485 magni
320 2454 385 2477 om.
414 2445 456 2476 A.

246 2558 257 2575 1
285 2558 343 2592 SS.
370 2558 432 2599 ΙΙΙ,
464 2558 491 2592 1,
526 2557 607 2599 (PL.
632 2558 709 2598 176,
746 2557 790 2591 89
813 2560 842 2591 A
872 2559 930 2598 B);
968 2559 1097 2591 Adnot.
1135 2559 1221 2591 elue.
1257 2569 1288 2592 c.
1316 2556 1375 2592 VI.
1405 2556 1486 2598 (PL.
1518 2558 1594 2598 175,
1622 2558 1666 2592 35
1685 2560 1740 2599 A).

246 2617 258 2634 ‘¹'
284 2617 328 2652 cf.
372 2620 473 2661 Aug.
521 2620 572 2651 De
619 2620 748 2652 Genesi
791 2620 838 2650 (cd
884 2619 950 2651 litt.
1002 2617 1024 2651 l.
1066 2617 1110 2652 H.
1155 2629 1185 2652 c.
1237 2617 1290 2651 10.
1346 2629 1378 2650 n.
1418 2617 1474 2651 25.
1554 2617 1636 2661 (PL.
1685 2619 1739 2659 34,

103 2677 194 2717 271).
245 2677 358 2711 Petr.
388 2677 525 2712 Lomb.
553 2680 646 2713 Sent.
673 2677 710 2712 L.
732 2677 776 2710 11.
805 2676 836 2713 d.
860 2677 913 2711 14.
935 2689 964 2712 c.
987 2679 1018 2711 5.
1069 2676 1210 2720 Hugo,
1239 2678 1291 2710 De
1312 2689 1406 2710 sacr.
1428 2676 1464 2712 L.
1484 2677 1506 2712 l.
1528 2688 1560 2720 p.
1582 2677 1606 2711 Ι.
1633 2688 1662 2711 c.
1688 2677 1741 2712 16.

105 2735 184 2776 (PL.
227 2737 302 2777 176,
345 2736 410 2770 199
454 2737 559 2779 CD);
609 2738 660 2770 De
693 2748 786 2770 sacr.
826 2738 888 2779 less.
931 2742 1003 2770 καί.
1040 2742 1070 2769 et
1103 2738 1259 2779 scriptae
1300 2735 1381 2777 (PL.
1418 2736 1495 2777 176,
1534 2747 1567 2780 p.
1607 2736 1741 2780 21J3);

104 2796 270 2838 Excerpz‘.
298 2797 401 2839 alley.
428 2794 450 2829 l.
478 2795 609 2830 XXIV.
636 2807 669 2840 p.
696 2796 722 2831 I.
750 2795 771 2830 1.
802 2796 825 2829 Ι.
853 2807 881 2829 c.
904 2796 934 2829 7.
965 2795 1045 2836 (PL.
1075 2796 1151 2836 177,
1179 2795 1246 2829 207
1280 2795 1379 2835 OD).

246 2853 258 2871 ³
284 2853 387 2888 Hunc
412 2854 528 2888 Iocum
555 2854 590 2888 in
617 2854 783 2899 operibus
810 2855 1008 2898 Hugonis
1035 2866 1055 2888 a
1082 2854 1115 2890 S.
1145 2854 1332 2888 Victore
1359 2865 1427 2887 non
1454 2853 1585 2887 inveni.

246 2913 258 2930 ⁴
286 2913 425 2957 Hugo,
463 2916 591 2950 Adnot.
626 2916 711 2948 elue.
738 2926 767 2949 c.
801 2914 860 2949 VI.
894 2915 940 2958 (p.
973 2914 1017 2948 35
1041 2916 1098 2953 Β);
1141 2913 1264 2947 Tertia
1297 2913 1353 2946 die
1385 2914 1626 2956 congregatae
1659 2914 1742 2946 sunt

106 2983 218 3015 aquae
243 2972 279 3006 in
305 2973 418 3007 locum
445 2985 565 3011 unum,
594 2973 627 3007 id
658 2975 714 3007 est
739 2973 912 3007 alveum
948 2973 1172 3017 proprium
1210 2975 1252 3006 et
1279 2972 1486 3016 abyssum
1513 2971 1742 3006 matricem

106 3042 313 3075 aquarum
351 3031 419 3066 vel
453 3031 595 3065 locum
630 3032 775 3076 magni
813 3032 944 3066 maris
980 3033 1015 3066 et
1050 3031 1206 3065 omnium
1234 3031 1381 3065 aliorum
1419 3030 1488 3064 vel
1515 3030 1741 3065 subterra-

106 3100 225 3123 neam
251 3090 590 3126 concavitatem.

1759 1013 1790 1037 lo

1761 1773 1794 1798 ‘20
