2106 3453
353 242 420 278 160
432 244 444 262 ⁴⁶
952 240 1159 279 Sententiae
1185 241 1398 280 divinitatis.

353 348 481 389 sium
510 347 701 389 dicens1:
751 347 972 400 ‚Spiritum
994 350 1190 390 sanctum
1213 361 1291 390 nec
1313 348 1503 401 genitum
1526 362 1604 391 nec
1624 348 1859 399 ingenitum
1882 348 1986 390 fides

354 425 565 466 catholica
599 424 803 465 declarat.
869 424 914 464 Si
947 425 1182 476 ingenitum
1217 425 1470 475 diceremus,
1514 425 1622 466 duos
1663 428 1809 477 patres
1848 426 1987 467 dicere

353 500 646 553 culparemur;
691 500 725 540 si
757 500 963 550 genitum⁷
1004 500 1113 541 duos
1146 500 1254 541 filios
1294 501 1568 553 culparemur
1600 500 1805 542 credere‘.
1870 502 1989 542 Sicut

354 577 554 618 dicimus:
591 577 702 617 Deus
737 576 884 627 genuit
917 577 1074 625 Deum;
1117 574 1217 629 ergo
1251 591 1296 618 se
1329 577 1394 618 vel
1428 577 1572 619 alium.
1637 577 1847 618 Neutrum
1888 591 1982 618 con-

317 667 333 690 5
355 639 557 694 cedimus.
621 653 785 694 Tamen
821 665 968 693 verum
1004 655 1080 703 est,
1114 653 1216 705 quia
1248 654 1392 705 genuit
1426 654 1575 695 Deum.

495 729 546 769 Et
581 731 760 781 possunt
792 728 1079 781 proprietates
1112 729 1220 770 istae
1255 729 1397 771 vocari
1430 729 1521 770 aliis
1554 729 1814 780 nominibus,
1849 730 1890 770 id
1924 732 1988 770 est

354 804 593 856 paternitas
638 806 680 844 et
723 804 886 855 filiatio,
934 805 988 846 ab
1034 807 1220 857 utroque
1264 805 1495 858 processio.
1575 805 1661 846 Sed
1712 805 1812 858 quia
1862 806 1991 846 Pater

355 881 464 922 alius
497 880 652 921 dicitur
684 894 709 921 a
742 881 847 921 Filio
883 883 924 922 et
958 881 1086 922 Filius
1119 895 1143 922 a
1176 881 1306 923 Patre
1338 884 1380 922 et
1413 881 1597 934 Spiritus
1630 884 1805 922 sanctus
1832 895 1858 922 a
1887 881 1989 923 Filio

354 959 396 997 et
429 957 572 1007 Patre,
616 957 906 1009 quaeritur,
948 959 1118 997 utrum
1159 958 1320 998 Filius
1362 958 1495 998 alius
1539 958 1605 999 sit
1647 971 1672 998 a
1718 958 1868 999 Patre
1912 958 1990 998 vel

304 1047 335 1071 10
355 1032 440 1073 ille
474 1033 605 1073 Deus
638 1033 722 1085 qui
748 1032 913 1074 Pater.
979 1032 1064 1074 Sed
1103 1035 1302 1074 neutrum
1331 1034 1519 1075 affirmat
1553 1034 1652 1074 fidei
1684 1030 1855 1083 veritas,
1883 1033 1992 1074 sicut

357 1122 455 1149 cum
489 1108 664 1149 dicitur:
703 1109 814 1149 Deus
850 1109 997 1160 genuit
1023 1109 1174 1159 Deum,
1210 1123 1310 1161 ergo
1343 1123 1388 1150 se
1422 1111 1557 1150 Deum
1585 1110 1652 1150 vel
1679 1110 1808 1151 alium
1838 1109 1988 1151 Deum.

357 1184 569 1225 Neutrum
613 1184 902 1225 concedimus.
966 1185 1133 1226 Tamen
1178 1199 1327 1227 verum
1375 1189 1455 1228 est:
1505 1187 1653 1227 Deum.
1718 1185 1827 1227 Nam
1874 1186 1988 1238 quod

357 1260 411 1300 sit
444 1261 552 1301 alius
586 1262 713 1310 Deus,
757 1261 960 1302 identitas
1005 1261 1273 1302 substantiae
1315 1262 1528 1313 prohibet,
1572 1262 1688 1313 quod
1734 1274 1833 1302 vero
1876 1261 1989 1301 idem

356 1336 469 1377 Deus
502 1336 556 1377 sit
589 1350 684 1377 cum
720 1336 861 1386 Patre,
898 1336 976 1377 hoc
1011 1340 1129 1377 tenet
1162 1339 1310 1378 nostra
1344 1337 1462 1378 fides.
1527 1337 1685 1378 Eadem
1730 1337 1840 1377 enim
1884 1337 1990 1377 divi-

304 1424 336 1448 15
356 1412 492 1453 nitate
524 1425 812 1465 unaquaeque
846 1413 1013 1454 illarum
1057 1426 1339 1465 personarum
1375 1413 1490 1453 Deus
1533 1416 1608 1454 est.
1673 1413 1797 1453 Unde
1831 1412 1990 1453 Sedu-

356 1488 456 1528 lius
477 1491 491 1513 2
508 1503 516 1529 ε

499 1564 609 1614 ,Non
643 1564 743 1616 quia
777 1564 849 1616 qui
883 1577 1079 1604 summus
1117 1564 1247 1605 Pater
1280 1568 1357 1614 est,
1392 1567 1433 1605 et
1467 1564 1595 1605 Filius
1629 1565 1696 1606 hic
1729 1568 1806 1614 est,

500 1640 584 1680 Sed
618 1640 717 1692 quia
753 1640 867 1692 quod
903 1653 1098 1680 summus
1130 1641 1260 1680 Pater
1293 1643 1369 1691 est,
1403 1643 1444 1681 et
1478 1641 1606 1681 Filius
1640 1641 1720 1681 hoc
1754 1642 1845 1681 est‘.

500 1717 539 1757 4.
575 1716 780 1765 Diximus,
827 1716 943 1768 quod
989 1719 1075 1756 tres
1118 1719 1218 1757 sunt
1258 1717 1559 1769 proprietates,
1605 1717 1841 1758 secundum
1884 1730 1992 1769 quas

304 1803 337 1827 20
358 1795 444 1833 tres
478 1795 577 1832 sunt
610 1805 822 1844 personae
855 1792 1082 1832 distinctae
1117 1795 1157 1832 et
1190 1793 1398 1842 diversae,
1442 1792 1500 1832 ita
1534 1793 1651 1845 quod
1692 1806 1776 1833 una
1810 1806 1894 1833 non
1931 1795 1994 1833 est

356 1867 454 1909 alia.
517 1868 658 1909 Nunc
692 1871 861 1909 autem
895 1868 1170 1909 videndum
1206 1871 1300 1918 est,
1344 1868 1426 1908 ubi
1460 1868 1562 1909 sint
1596 1869 1726 1910 istae
1759 1868 1992 1921 proprie-

357 1946 535 1986 tates3.
600 1945 644 1984 In
685 1944 830 1985 divina
871 1944 1114 1986 substantia
1148 1957 1232 1984 non
1273 1947 1384 1994 sunt,
1430 1945 1531 1997 quia
1574 1944 1718 1986 divina
1751 1945 1993 1985 substantia

356 2034 443 2061 non
475 2020 607 2071 gignit
645 2033 784 2072 neque
817 2021 1014 2072 gignitur,
1048 2021 1121 2061 sed
1158 2022 1197 2061 in
1233 2022 1321 2062 Deo
1355 2034 1446 2061 esse
1480 2022 1653 2062 concedi
1687 2024 1847 2074 potest;
1891 2021 1991 2073 quia

357 2096 437 2137 hoc
470 2110 627 2137 nomen
662 2098 803 2147 ,Deus‘
846 2097 901 2137 ad
945 2100 1176 2149 utrumque
1210 2111 1255 2137 se
1294 2097 1438 2147 habet,
1481 2097 1637 2138 scilicet
1672 2097 1726 2138 ad
1760 2110 1991 2150 personam

304 2187 339 2212 25
360 2175 400 2212 et
433 2172 486 2213 ad
521 2173 824 2214 substantiam.

499 2249 585 2290 Sed
630 2252 778 2290 contra
824 2249 1046 2301 prabatur,
1093 2250 1209 2301 quod
1252 2263 1336 2290 non
1379 2252 1480 2290 sunt
1523 2250 1562 2290 in
1609 2250 1709 2292 Deo.
1774 2250 1991 2302 Quidquid

357 2324 470 2365 enim
516 2325 557 2365 in
590 2326 679 2365 Deo
722 2327 798 2375 est,
835 2327 945 2366 Deus
979 2328 1055 2367 est.
1121 2325 1229 2377 Ergo
1272 2326 1305 2365 si
1348 2327 1635 2378 proprietates
1669 2327 1708 2367 in
1742 2327 1832 2367 Deo
1877 2328 1991 2376 sunt,

501 2469 591 2502 2—3
619 2468 844 2512 culparemur
870 2469 1025 2504 credere.
1077 2469 1176 2503 Sicut
1204 2471 1244 2504 Α.
1366 2470 1384 2502 7
1412 2469 1507 2513 quia]
1535 2470 1626 2513 quod
1654 2472 1698 2504 B.
1811 2469 1831 2503 8
1858 2481 1878 2503 a
1904 2469 1993 2503 Filio

353 2531 475 2571 primo
503 2530 574 2562 loco
603 2531 640 2561 in.
665 2540 766 2562 versu
791 2531 949 2571 positum
976 2541 1040 2562 om.
1070 2529 1111 2562 R.
1162 2529 1182 2562 9
1209 2528 1271 2562 sed
1295 2530 1480 2572 quaeritur
1500 2532 1531 2562 A
1553 2530 1586 2561 Β
1613 2529 1674 2562 sed
1700 2531 1814 2562 onm'st'.
1869 2530 1908 2562 17
1937 2529 1993 2562 hic

358 2589 477 2622 Sednl.
504 2587 570 2621 hoc
600 2591 628 2621 A
652 2589 693 2622 Β.
796 2588 933 2622 19ffi20
960 2599 1030 2622 sec.
1058 2599 1147 2632 quas
1174 2588 1407 2622 auctoritates
1435 2599 1608 2632 personae
1633 2616 1638 2622 .
1661 2618 1666 2623 .
1687 2618 1693 2624 .
1716 2590 1757 2624 B.

502 2708 512 2725 ¹
544 2709 718 2750 Μαίη-9113
743 2710 985 2750 quaestionum
1016 2707 1123 2748 (inter
1148 2718 1254 2751 opera
1280 2707 1480 2751 suppositia
1500 2707 1563 2742 Sti.
1585 2707 1853 2750 Augustini);
1882 2719 1939 2751 qu.
1961 2707 1991 2740 2.

361 2767 441 2809 (Pli.
468 2768 524 2808 40,
553 2766 652 2809 734):
693 2766 861 2810 Spiritum
890 2768 1052 2800 sanctuni
1081 2778 1194 2809 neque
1222 2766 1419 2809 ingenitum
1447 2778 1561 2810 neque
1587 2766 1748 2809 genitum
1782 2766 1869 2800 fides
1896 2770 1994 2800 certa

360 2827 527 2860 declarat.
581 2825 672 2867 Quia
697 2825 728 2859 si
755 2825 950 2859 dixerimus
977 2825 1187 2868 ingenitum,
1222 2825 1309 2858 duos
1341 2827 1462 2869 patres
1496 2825 1675 2859 affirmare
1708 2825 1922 2865 videbimur;
1963 2825 1992 2858 si

361 2888 479 2919 autem
506 2885 679 2928 genitum,
707 2887 790 2918 tunc
818 2885 906 2918 duos
931 2884 1025 2918 filios
1050 2884 1194 2918 credere
1221 2884 1452 2929 culpabimur.

502 2943 514 2961 ‘·'
542 2944 764 2984 Sedulius,
804 2945 991 2977 Pasclzalis
1030 2946 1211 2977 Carminis
1249 2943 1308 2978 lib.
1338 2943 1363 2979 Ι.
1401 2955 1435 2978 V.
1462 2944 1542 2983 319,
1570 2943 1638 2977 320
1679 2945 1832 2987 (Corpus
1870 2946 1991 2986 serapt.

361 3006 476 3038 eccles.
506 3005 566 3039 lat.
592 3006 617 3038 t.
645 3004 689 3038 X.
740 3004 912 3038 Sedulii
948 3005 1065 3047 Opera
1098 3002 1217 3037 mimia
1249 3007 1425 3038 recensuit
1450 3006 1634 3039 <Iohannes
1662 3006 1827 3037 Huemer.
1865 3003 1994 3037 Vindo-

361 3063 473 3097 bonae
504 3062 618 3103 1885).

504 3120 516 3138 ³
541 3123 603 3156 SS.
633 3121 656 3163 Ῑ,
682 3122 719 3155 11
752 3122 808 3163 (58
825 3122 887 3164 D);
922 3121 1063 3157 Lomb.
1090 3124 1184 3156 Sent.
1210 3122 1230 3157 1,
1261 3122 1285 3156 I.
1313 3121 1343 3155 d.
1373 3122 1428 3156 33.
