2106 3453
306 1051 336 1075 10

308 1436 339 1460 15

304 1816 339 1840 20

305 2577 338 2601 30

364 251 454 286 124*
954 252 1160 286 Sententiae
1188 253 1400 290 divinitatis,
1461 293 1463 296 Ι

360 355 435 395 1113
481 355 584 396 alia:
633 355 751 396 Sicut
795 355 918 395 bonis
964 356 1109 396 omnia
1155 360 1443 408 cooperantur
1488 358 1528 397 in
1573 359 1747 408 bonum,
1796 361 1909 400 bona
1951 360 1992 399 et

359 431 487 480 mala,
530 431 587 471 ita
621 431 744 472 malis
779 431 891 471 bona
926 433 966 471 et
1001 431 1113 472 mala
1147 435 1435 484 cooperantur
1467 433 1508 473 in
1542 434 1719 476 malum,
1767 434 1990 486 diligenter

359 507 718 548 considerandum
755 510 832 548 est.
898 507 1070 547 Falsum
1105 510 1180 557 est,
1216 508 1331 560 quod
1365 509 1481 549 bona
1515 509 1556 549 in
1590 509 1751 551 malum
1781 509 1843 550 vel
1877 510 1991 551 mala

358 583 400 622 in
434 583 595 623 bonum
630 586 936 635 cooperantur;
984 583 1059 623 sed
1098 597 1268 636 semper
1310 585 1425 625 bona
1458 586 1500 624 in
1533 585 1692 626 bonum
1730 588 1770 626 et
1804 585 1915 627 mala
1950 586 1990 626 in

361 659 521 699 malum
564 661 867 710 cooperantur.
938 658 1145 700 Excessus
1188 662 1251 700 est
1293 660 1519 701 locutionis
1562 661 1627 701 vel
1667 656 1991 713 transsumptio,

360 748 456 775 cum
501 734 615 776 dico:
668 735 784 775 bona
834 734 874 774 in
921 734 1085 775 malum
1131 736 1195 775 vel
1239 736 1353 776 111313
1396 737 1437 776 111
1484 736 1644 776 bonum
1689 740 1991 789 cooperantur,

357 813 587 863 propterea
621 811 721 862 quia
748 810 1006 851 comitanter
1039 811 1239 852 dicuntur
1272 812 1386 852 mala
1414 812 1636 864 cooperari
1666 813 1704 852 in
1733 813 1895 853 bonum
1926 813 1990 854 vel

358 886 473 927 bona
506 887 548 926 in
582 886 758 927 malum.
819 885 930 926 Mala
965 886 1227 927 comitantur
1253 887 1381 936 bona,
1418 887 1527 928 sicut
1554 890 1829 940 contemptus
1862 889 1992 939 negli-

358 962 560 1013 gentiam.
633 961 742 1013 Ergo
789 975 884 1002 cum
928 962 1105 1003 deberet
1158 963 1256 1004 dici:
1316 963 1600 1015 Contemptus
1649 964 1721 1015 qui
1764 964 1994 1005 comitatur

360 1038 637 1091 baptismum,
690 1041 948 1090 cooperatur
991 1038 1033 1078 in
1079 1039 1253 1089 malum,
1305 1042 1602 1092 transsumpto
1649 1041 1822 1081 nomine
1872 1041 1991 1081 dicit:

357 1115 617 1167 Baptismus,
664 1114 734 1167 qui
770 1115 909 1155 bonus
944 1118 1020 1165 est,
1071 1118 1329 1168 cooperatur
1373 1116 1415 1156 in
1460 1116 1634 1158 malum.
1700 1117 1751 1157 Et
1790 1119 1853 1158 est
1894 1117 1992 1167 tale,

357 1191 483 1243 quale
516 1191 636 1232 illud:
674 1190 854 1231 Solantia
886 1191 1005 1243 inflat
1038 1190 1091 1245 (I.
1113 1192 1206 1232 Gor.
1230 1194 1268 1244 8,
1288 1192 1344 1245 1),
1379 1194 1420 1233 et
1446 1195 1593 1233 tamen
1621 1206 1705 1233 non
1735 1196 1798 1234 est
1826 1206 1990 1243 verum,

357 1267 474 1319 quod
507 1267 684 1308 scientia
718 1266 848 1317 inflet,
882 1267 957 1307 sed
990 1268 1192 1319 superbia
1226 1281 1338 1320 quae
1372 1269 1602 1310 comitatur
1634 1269 1870 1311 scientiam.

500 1343 693 1384 Deinde
725 1343 858 1385 solet
891 1344 1069 1396 quaeri
1103 1344 1160 1384 de
1195 1345 1304 1385 oleo
1345 1347 1392 1385 et
1425 1345 1536 1397 igne
1571 1348 1617 1387 et
1656 1359 1821 1396 cereo,
1862 1359 1991 1398 quae

361 1420 421 1460 acl
468 1419 772 1471 dignitatem
820 1420 1130 1461 sacramenti
1176 1424 1457 1472 ponuntur,
1510 1422 1631 1474 quid
1678 1421 1990 1473 significent.

359 1496 440 1536 Per
467 1495 609 1537 oleum
637 1509 758 1548 spem
792 1498 985 1537 nostram
1014 1496 1222 1536 debemus
1250 1496 1497 1548 intelligere,
1532 1510 1643 1549 quae
1670 1511 1839 1549 semper
1865 1497 1993 1538 debet

358 1572 480 1623 dirigi
513 1572 567 1611 ad
597 1567 695 1612 alta.
749 1572 868 1612 Sicut
901 1572 1042 1612 oleum
1080 1585 1304 1624 nunquam
1339 1576 1402 1614 est
1436 1573 1515 1613 sub
1549 1587 1663 1626 aqua
1697 1574 1762 1614 vel
1796 1574 1874 1614 sub
1909 1573 1992 1614 alio

358 1648 537 1700 liquore,
592 1648 651 1688 ita
695 1661 793 1700 spes
839 1650 986 1688 nostra
1032 1648 1186 1700 spretis
1231 1649 1541 1700 temporalibus
1585 1650 1640 1690 ad
1683 1650 1816 1690 Deum
1865 1650 1992 1690 debet

360 1724 542 1765 extendi.
606 1724 687 1764 Per
720 1724 859 1775 ignem
895 1723 1118 1765 caritatem
1160 1725 1444 1776 intelligimuS,
1488 1725 1588 1777 quia
1628 1725 1736 1766 sicut
1769 1725 1876 1777 ignis
1908 1726 1993 1766 urit

360 1803 401 1841 et
433 1800 633 1851 incendit,
677 1801 735 1840 ita
775 1800 931 1841 caritas
970 1800 1072 1841 vitia
1118 1801 1343 1841 consumit.
1414 1801 1537 1842 Unde
1577 1801 1803 1841 Dominus:
1850 1801 1990 1855 Igmem

357 1877 448 1916 veni
479 1877 634 1916 11111113νο
668 1877 709 1916 iu
742 1881 910 1928 terram,
946 1880 980 1916 et
1013 1877 1112 1931 quid
1147 1877 1242 1929 volo,
1279 1878 1359 1917 nisi
1391 1881 1435 1917 ut
1473 1877 1617 1917 ardeat
1652 1877 1769 1931 (Luc.
1798 1879 1864 1929 12,
1889 1878 1991 1929 52)?

357 1953 440 1993 Per
472 1966 655 2000 cereum,
691 1953 763 2005 qui
799 1955 862 1994 est
895 1952 950 1992 ibi
984 1953 1107 2005 quasi
1140 1954 1354 2003 columna,
1396 1953 1601 2005 Spiritum
1636 1956 1834 1994 sanctum
1869 1953 1990 1994 intel-

358 2029 539 2079 ligimus,
586 2029 657 2080 qui
700 2029 739 2069 in
784 2029 985 2070 columna
1027 2029 1152 2069 nubis
1191 2042 1267 2081 per
1311 2029 1423 2070 diem
1476 2032 1517 2070 et
1556 2029 1598 2069 in
1638 2029 1838 2069 columna
1882 2029 1988 2080 ignis

359 2118 434 2156 per
467 2107 638 2145 noctem
671 2105 766 2145 filiis
799 2105 966 2145 Israelis
1000 2105 1217 2157 apparuit.

501 2181 623 2221 Item
675 2181 804 2221 solet
855 2182 1050 2233 quaeri,
1110 2194 1237 2233 quae
1289 2181 1601 2233 praecedant
1653 2181 1988 2234 baptismum,

359 2257 517 2298 scilicet
550 2257 892 2298 catechizatio
928 2260 968 2299 et
1002 2258 1320 2298 exorcismus
1353 2258 1394 2298 in
1428 2258 1681 2311 symbolo,
1711 2258 1813 2310 quid
1839 2258 1923 2298 sint
1951 2260 1991 2298 et

359 2347 384 2374 a
417 2334 572 2385 quibus
606 2333 918 2374 institutionem
952 2334 1195 2386 acceperint
1214 2335 1240 2374 1.
1312 2321 1588 2375 Catecliizare
1626 2334 1799 2387 proprie
1832 2337 1895 2375 est
1919 2334 1990 2393 111-

360 2412 542 2459 struere;
566 2410 664 2450 inde
687 2410 1022 2451 catechumenus
1045 2410 1198 2450 dicitur
1219 2411 1452 2451 instructus
1478 2412 1520 2451 et·
1534 2410 1664 2451 habet
1679 2410 1990 2451 institutionem

358 2499 483 2527 5113111
518 2499 541 2526 a
575 2486 771 2536 Domino,
818 2487 890 2538 qui
930 2486 1034 2526 dixit
1075 2487 1301 2538 apostolis:
1348 2486 1410 2526 Ite
1446 2486 1683 2539 praedicate
1721 2490 1755 2526 et
1787 2486 1991 2540 baptizate

358 2574 492 2601 onmes
521 2565 656 2615 qentes
688 2566 756 2601 etc.
792 2561 956 2615 (Manli.
993 2563 1061 2613 28,
1086 2562 1171 2615 19).
1235 2562 1331 2602 Non
1366 2561 1487 2602 dixit:
1528 2561 1759 2614 baptizate,
1795 2565 1835 2603 et
1867 2565 1984 2614 post:

504 2684 517 2716 1
541 2683 658 2716 onmia
673 2695 736 2717 om.
754 2686 795 2716 A.
848 2683 867 2715 2
889 2686 1123 2727 cooperantur
1143 2683 1178 2717 in
1194 2683 1326 2717 malum
1347 2695 1411 2717 om.
1425 2686 1464 2723 A,
1480 2685 1510 2716 Β
1527 2686 1560 2716 ln
1579 2695 1689 2726 nimy.
1740 2685 1759 2716 3
1783 2682 1851 2726 vel]
1868 2685 1929 2716 aut
1944 2684 1989 2717 B.

358 2744 381 2776 4
406 2742 490 2777 sed.
509 2772 514 2778 .
531 2769 538 2777 .
553 2742 686 2776 malum
707 2754 845 2787 cooper.
867 2754 931 2776 om.
960 2745 996 2783 A,
1015 2745 1045 2776 Β
1068 2746 1101 2776 ἱη
1126 2756 1237 2786 ›nrm-9.
1289 2744 1307 2776 7
1336 2741 1431 2786 quia]
1453 2753 1521 2786 que
1544 2747 1590 2787 A?
1612 2745 1648 2775 ‘in
1672 2744 1704 2776 B
1724 2754 1814 2776 corr.
1866 2742 1886 2775 8
1908 2747 1990 2785 post

359 2790 490 2835 malum
529 2804 611 2835 add.
634 2803 666 2835 Β
692 2802 726 2834 id
754 2805 818 2835 est.
947 2803 966 2836 9
996 2802 1100 2836 debet
1128 2805 1168 2836 A.
1288 2802 1329 2836 10
1353 2807 1433 2845 post
1459 2801 1591 2835 malum
1622 2803 1704 2835 (cdd.
1728 2804 1758 2835 A
1776 2803 1806 2835 Β
1833 2803 1888 2835 est
1913 2800 1986 2834 tale

360 2861 463 2905 quale
489 2860 586 2900 illud,
619 2863 679 2894 sed
705 2862 760 2894 hic
784 2863 881 2903 falso
908 2863 978 2895 loco
1000 2865 1119 2905 posim
1146 2867 1228 2895 siant
1254 2863 1337 2894 haec
1364 2862 1476 2904 verba,
1502 2866 1541 2894 uf
1565 2866 1663 2904 pata
1689 2872 1731 2893 aar
1756 2861 1987 2904 sequentibus

363 2921 403 2953 16
430 2920 582 2963 semper]
609 2931 715 2964 saepe
738 2923 779 2954 A.
861 2921 904 2954 20
928 2926 1007 2964 pasf
1033 2921 1122 2954 vitia
1149 2922 1230 2955 add,
1261 2922 1292 2953 Β
1318 2922 1477 2963 peccata.
1563 2919 1607 2953 28
1636 2920 1716 2953 inde
1743 2919 1986 2959 catechizatio,

360 2979 393 3012 id
421 2983 477 3012 est
502 2979 698 3019 instructio,
727 2982 762 3012 et
788 2979 917 3013 habet:
934 3007 941 3014 .
959 3008 965 3014 .
986 2982 1024 3014 Β.
1122 2979 1167 3013 30
1194 2979 1305 3023 primo
1334 2979 1426 3012 enim
1453 2978 1559 3013 dixit:
1588 2979 1802 3023 praedicate,
1830 2980 1865 3012 et
1892 2980 1988 3022 post:

360 3038 550 3082 baptizate,
579 3038 683 3082 quia.
703 3067 729 3073 ..
752 3040 794 3072 B.

503 3142 515 3159 1
542 3144 603 3176 SS.
632 3142 673 3183 V,
698 3143 739 3176 13
769 3142 961 3183 (138AB).
