<?xml version="1.0" encoding="UTF-8"?>
<!DOCTYPE html PUBLIC "-//W3C//DTD XHTML 1.0 Transitional//EN"
    "http://www.w3.org/TR/xhtml1/DTD/xhtml1-transitional.dtd">
<html xmlns="http://www.w3.org/1999/xhtml" xml:lang="en" lang="en">
 <head>
  <title>
</title>
<meta http-equiv="Content-Type" content="text/html;charset=utf-8" />
  <meta name='ocr-system' content='tesseract 3.04.00' />
  <meta name='ocr-capabilities' content='ocr_page ocr_carea ocr_par ocr_line ocrx_word'/>
</head>
<body>
  <div class='ocr_page' id='page_1' title='image "./diesententiaediv00geye_0096.png"; bbox 0 0 2106 3453; ppageno 0'>
   <div class='ocr_carea' id='block_1_1' title="bbox 333 206 1368 245">
    <p class='ocr_par' dir='ltr' id='par_1_1' title="bbox 333 206 1368 245">
     <span class='ocr_line' id='line_1_1' title="bbox 333 206 1368 245; baseline -0.002 0"><span class='ocrx_word' id='word_1_1' title='bbox 333 208 398 245; x_wconf 77' lang='lat'>18*</span> <span class='ocrx_word' id='word_1_2' title='bbox 415 236 418 237; x_wconf 15' lang='grc' dir='ltr'><em>γ</em></span> <span class='ocrx_word' id='word_1_3' title='bbox 924 206 1129 244; x_wconf 73' lang='lat' dir='ltr'>Sententiae</span> <span class='ocrx_word' id='word_1_4' title='bbox 1157 206 1368 244; x_wconf 80' lang='lat' dir='ltr'>divinitatis.</span> 
     </span>
    </p>
   </div>
   <div class='ocr_carea' id='block_1_2' title="bbox 329 314 1959 597">
    <p class='ocr_par' dir='ltr' id='par_1_2' title="bbox 329 314 1959 520">
     <span class='ocr_line' id='line_1_2' title="bbox 329 314 1957 367; baseline 0 -12"><span class='ocrx_word' id='word_1_5' title='bbox 329 315 624 367; x_wconf 70' lang='lat' dir='ltr'>simplicitatis.</span> <span class='ocrx_word' id='word_1_6' title='bbox 693 315 738 355; x_wconf 86' lang='lat' dir='ltr'>In</span> <span class='ocrx_word' id='word_1_7' title='bbox 786 328 1000 364; x_wconf 86' lang='lat' dir='ltr'>mensura,</span> <span class='ocrx_word' id='word_1_8' title='bbox 1041 315 1082 355; x_wconf 87' lang='lat' dir='ltr'>id</span> <span class='ocrx_word' id='word_1_9' title='bbox 1125 317 1188 355; x_wconf 85' lang='lat' dir='ltr'>est</span> <span class='ocrx_word' id='word_1_10' title='bbox 1231 315 1333 355; x_wconf 88' lang='lat' dir='ltr'>nihil</span> <span class='ocrx_word' id='word_1_11' title='bbox 1375 314 1535 356; x_wconf 82' lang='lat' dir='ltr'>creavit</span> <span class='ocrx_word' id='word_1_12' title='bbox 1576 315 1846 356; x_wconf 88' lang='lat' dir='ltr'>immensum.</span> <span class='ocrx_word' id='word_1_13' title='bbox 1912 314 1957 355; x_wconf 82' lang='lat' dir='ltr'>ln</span> 
     </span>
     <span class='ocr_line' id='line_1_3' title="bbox 330 390 1959 444; baseline -0.001 -12"><span class='ocrx_word' id='word_1_14' title='bbox 330 392 533 444; x_wconf 81' lang='lat' dir='ltr'>pondere,</span> <span class='ocrx_word' id='word_1_15' title='bbox 568 391 668 443; x_wconf 86' lang='lat' dir='ltr'>quia</span> <span class='ocrx_word' id='word_1_16' title='bbox 701 391 804 431; x_wconf 81' lang='lat' dir='ltr'>nihil</span> <span class='ocrx_word' id='word_1_17' title='bbox 840 392 1012 441; x_wconf 85' lang='lat' dir='ltr'>creavit,</span> <span class='ocrx_word' id='word_1_18' title='bbox 1047 391 1163 443; x_wconf 86' lang='lat' dir='ltr'>quod</span> <span class='ocrx_word' id='word_1_19' title='bbox 1195 404 1246 431; x_wconf 79' lang='lat' dir='ltr'>ex</span> <span class='ocrx_word' id='word_1_20' title='bbox 1278 403 1323 431; x_wconf 90' lang='lat' dir='ltr'>se</span> <span class='ocrx_word' id='word_1_21' title='bbox 1350 390 1531 431; x_wconf 82' lang='lat' dir='ltr'>deficere</span> <span class='ocrx_word' id='word_1_22' title='bbox 1558 391 1621 431; x_wconf 64' lang='lat' dir='ltr'>&gt;vel</span> <span class='ocrx_word' id='word_1_23' title='bbox 1656 404 1733 432; x_wconf 85' lang='lat' dir='ltr'>sua</span> <span class='ocrx_word' id='word_1_24' title='bbox 1760 391 1959 431; x_wconf 86' lang='lat' dir='ltr'>felicitate</span> 
     </span>
     <span class='ocr_line' id='line_1_4' title="bbox 329 468 789 520; baseline -0.002 -11"><span class='ocrx_word' id='word_1_25' title='bbox 329 468 481 509; x_wconf 86' lang='lat' dir='ltr'>cadere</span> <span class='ocrx_word' id='word_1_26' title='bbox 513 481 600 509; x_wconf 87' lang='lat' dir='ltr'>non</span> <span class='ocrx_word' id='word_1_27' title='bbox 633 470 789 520; x_wconf 87' lang='lat' dir='ltr'>posset.</span> 
     </span>
    </p>

    <p class='ocr_par' dir='ltr' id='par_1_3' title="bbox 400 544 1959 597">
     <span class='ocr_line' id='line_1_5' title="bbox 400 544 1959 597; baseline 0 -12"><span class='ocrx_word' id='word_1_28' title='bbox 400 544 402 547; x_wconf 78' lang='grc'><strong>’</strong></span> <span class='ocrx_word' id='word_1_29' title='bbox 471 545 556 585; x_wconf 82' lang='lat' dir='ltr'>Sed</span> <span class='ocrx_word' id='word_1_30' title='bbox 590 558 675 585; x_wconf 89' lang='lat' dir='ltr'>non</span> <span class='ocrx_word' id='word_1_31' title='bbox 710 545 891 595; x_wconf 83' lang='lat' dir='ltr'>videtur,</span> <span class='ocrx_word' id='word_1_32' title='bbox 934 545 1051 597; x_wconf 81' lang='lat' dir='ltr'>quod</span> <span class='ocrx_word' id='word_1_33' title='bbox 1093 558 1179 585; x_wconf 88' lang='lat' dir='ltr'>non</span> <span class='ocrx_word' id='word_1_34' title='bbox 1223 545 1432 586; x_wconf 79' lang='lat' dir='ltr'>creaverit</span> <span class='ocrx_word' id='word_1_35' title='bbox 1472 544 1645 597; x_wconf 88' lang='lat' dir='ltr'>aliquid,</span> <span class='ocrx_word' id='word_1_36' title='bbox 1690 545 1803 597; x_wconf 80' lang='lat' dir='ltr'>quod</span> <span class='ocrx_word' id='word_1_37' title='bbox 1847 547 1959 586; x_wconf 88' lang='lat' dir='ltr'>esset</span> 
     </span>
    </p>
   </div>
   <div class='ocr_carea' id='block_1_3' title="bbox 277 621 1959 674">
    <p class='ocr_par' dir='ltr' id='par_1_4' title="bbox 277 621 1959 674">
     <span class='ocr_line' id='line_1_6' title="bbox 277 621 1959 674; baseline 0 -13"><span class='ocrx_word' id='word_1_38' title='bbox 277 637 292 661; x_wconf 80' lang='lat'>5</span> <span class='ocrx_word' id='word_1_39' title='bbox 330 635 528 663; x_wconf 86' lang='lat' dir='ltr'>summae</span> <span class='ocrx_word' id='word_1_40' title='bbox 572 622 867 674; x_wconf 77' lang='lat' dir='ltr'>simplicitatiS,</span> <span class='ocrx_word' id='word_1_41' title='bbox 914 622 1014 674; x_wconf 85' lang='lat' dir='ltr'>quia</span> <span class='ocrx_word' id='word_1_42' title='bbox 1059 621 1274 670; x_wconf 86' lang='lat' dir='ltr'>athomus,</span> <span class='ocrx_word' id='word_1_43' title='bbox 1321 621 1480 671; x_wconf 84' lang='lat' dir='ltr'>anima,</span> <span class='ocrx_word' id='word_1_44' title='bbox 1525 621 1701 672; x_wconf 86' lang='lat' dir='ltr'>angelus</span> <span class='ocrx_word' id='word_1_45' title='bbox 1745 621 1959 674; x_wconf 81' lang='lat' dir='ltr'>simplices</span> 
     </span>
    </p>
   </div>
   <div class='ocr_carea' id='block_1_4' title="bbox 277 1021 308 1044">
    <p class='ocr_par' dir='ltr' id='par_1_5' title="bbox 277 1021 308 1044">
     <span class='ocr_line' id='line_1_7' title="bbox 277 1021 308 1044; baseline -0.032 0"><span class='ocrx_word' id='word_1_46' title='bbox 277 1021 308 1044; x_wconf 76' lang='lat'>10</span> 
     </span>
    </p>
   </div>
   <div class='ocr_carea' id='block_1_5' title="bbox 274 1795 307 1819">
    <p class='ocr_par' dir='ltr' id='par_1_6' title="bbox 274 1795 307 1819">
     <span class='ocr_line' id='line_1_8' title="bbox 274 1795 307 1819; baseline -0.091 0"><span class='ocrx_word' id='word_1_47' title='bbox 274 1795 307 1819; x_wconf 70' lang='lat'>20</span> 
     </span>
    </p>
   </div>
   <div class='ocr_carea' id='block_1_6' title="bbox 328 698 1959 1365">
    <p class='ocr_par' dir='ltr' id='par_1_7' title="bbox 328 698 1959 1365">
     <span class='ocr_line' id='line_1_9' title="bbox 331 698 1958 750; baseline -0.001 -10"><span class='ocrx_word' id='word_1_48' title='bbox 331 701 442 740; x_wconf 86' lang='lat' dir='ltr'>sunt.</span> <span class='ocrx_word' id='word_1_49' title='bbox 508 699 591 739; x_wconf 79' lang='lat' dir='ltr'>Sed</span> <span class='ocrx_word' id='word_1_50' title='bbox 625 698 844 739; x_wconf 78' lang='lat' dir='ltr'>sciendum</span> <span class='ocrx_word' id='word_1_51' title='bbox 888 701 963 748; x_wconf 87' lang='lat' dir='ltr'>est,</span> <span class='ocrx_word' id='word_1_52' title='bbox 1007 699 1123 750; x_wconf 80' lang='lat' dir='ltr'>quod</span> <span class='ocrx_word' id='word_1_53' title='bbox 1165 699 1278 739; x_wconf 80' lang='lat' dir='ltr'>aliud</span> <span class='ocrx_word' id='word_1_54' title='bbox 1322 698 1503 739; x_wconf 84' lang='lat' dir='ltr'>mater-ia</span> <span class='ocrx_word' id='word_1_55' title='bbox 1546 701 1622 748; x_wconf 90' lang='lat' dir='ltr'>est,</span> <span class='ocrx_word' id='word_1_56' title='bbox 1665 698 1779 739; x_wconf 86' lang='lat' dir='ltr'>aliud</span> <span class='ocrx_word' id='word_1_57' title='bbox 1821 699 1958 739; x_wconf 84' lang='lat' dir='ltr'>forma</span> 
     </span>
     <span class='ocr_line' id='line_1_10' title="bbox 329 774 1957 827; baseline -0.001 -10"><span class='ocrx_word' id='word_1_58' title='bbox 329 777 407 817; x_wconf 87' lang='lat' dir='ltr'>rei..</span> <span class='ocrx_word' id='word_1_59' title='bbox 466 776 589 816; x_wconf 82' lang='lat' dir='ltr'>Unde</span> <span class='ocrx_word' id='word_1_60' title='bbox 622 775 886 824; x_wconf 79' lang='lat' dir='ltr'>Boethius,</span> <span class='ocrx_word' id='word_1_61' title='bbox 935 775 1001 816; x_wconf 93' lang='lat' dir='ltr'>De</span> <span class='ocrx_word' id='word_1_62' title='bbox 1033 775 1319 816; x_wconf 79' lang='lat' dir='ltr'>trinitate1:</span> <span class='ocrx_word' id='word_1_63' title='bbox 1356 774 1649 827; x_wconf 78' lang='lat' dir='ltr'>Quaecunque</span> <span class='ocrx_word' id='word_1_64' title='bbox 1692 788 1758 816; x_wconf 84' lang='lat' dir='ltr'>res</span> <span class='ocrx_word' id='word_1_65' title='bbox 1797 775 1957 827; x_wconf 85' lang='lat' dir='ltr'>aliquid</span> 
     </span>
     <span class='ocr_line' id='line_1_11' title="bbox 330 852 1958 904; baseline 0 -11"><span class='ocrx_word' id='word_1_66' title='bbox 330 867 422 893; x_wconf 85' lang='lat' dir='ltr'>esse</span> <span class='ocrx_word' id='word_1_67' title='bbox 468 853 634 902; x_wconf 72' lang='lat' dir='ltr'>(licitur,</span> <span class='ocrx_word' id='word_1_68' title='bbox 681 853 817 903; x_wconf 86' lang='lat' dir='ltr'>magis</span> <span class='ocrx_word' id='word_1_69' title='bbox 863 852 1016 892; x_wconf 82' lang='lat' dir='ltr'>dicitur</span> <span class='ocrx_word' id='word_1_70' title='bbox 1049 865 1140 893; x_wconf 88' lang='lat' dir='ltr'>esse</span> <span class='ocrx_word' id='word_1_71' title='bbox 1173 852 1333 904; x_wconf 83' lang='lat' dir='ltr'>aliquid</span> <span class='ocrx_word' id='word_1_72' title='bbox 1368 865 1417 893; x_wconf 87' lang='lat' dir='ltr'>ex</span> <span class='ocrx_word' id='word_1_73' title='bbox 1451 852 1588 892; x_wconf 83' lang='lat' dir='ltr'>forma</span> <span class='ocrx_word' id='word_1_74' title='bbox 1621 865 1748 904; x_wconf 85' lang='lat' dir='ltr'>quam</span> <span class='ocrx_word' id='word_1_75' title='bbox 1785 865 1836 892; x_wconf 79' lang='lat' dir='ltr'>ex</span> <span class='ocrx_word' id='word_1_76' title='bbox 1866 866 1958 894; x_wconf 88' lang='lat' dir='ltr'>ma-</span> 
     </span>
     <span class='ocr_line' id='line_1_12' title="bbox 329 929 1959 980; baseline -0.001 -10"><span class='ocrx_word' id='word_1_77' title='bbox 329 930 450 979; x_wconf 82' lang='lat' dir='ltr'>teria,</span> <span class='ocrx_word' id='word_1_78' title='bbox 496 933 541 970; x_wconf 91' lang='lat' dir='ltr'>ut</span> <span class='ocrx_word' id='word_1_79' title='bbox 588 930 693 970; x_wconf 88' lang='lat' dir='ltr'>haec</span> <span class='ocrx_word' id='word_1_80' title='bbox 735 942 802 970; x_wconf 86' lang='lat' dir='ltr'>res</span> <span class='ocrx_word' id='word_1_81' title='bbox 842 929 985 979; x_wconf 89' lang='lat' dir='ltr'>homo,</span> <span class='ocrx_word' id='word_1_82' title='bbox 1032 929 1112 969; x_wconf 88' lang='lat' dir='ltr'>hoc</span> <span class='ocrx_word' id='word_1_83' title='bbox 1152 929 1311 980; x_wconf 87' lang='lat' dir='ltr'>lignum</span> <span class='ocrx_word' id='word_1_84' title='bbox 1358 929 1494 980; x_wconf 87' lang='lat' dir='ltr'>magis</span> <span class='ocrx_word' id='word_1_85' title='bbox 1536 929 1689 970; x_wconf 85' lang='lat' dir='ltr'>dicitur</span> <span class='ocrx_word' id='word_1_86' title='bbox 1730 943 1780 970; x_wconf 83' lang='lat' dir='ltr'>ex</span> <span class='ocrx_word' id='word_1_87' title='bbox 1822 929 1959 970; x_wconf 85' lang='lat' dir='ltr'>forma</span> 
     </span>
     <span class='ocr_line' id='line_1_13' title="bbox 331 1006 1958 1059; baseline -0.001 -12"><span class='ocrx_word' id='word_1_88' title='bbox 331 1020 459 1059; x_wconf 86' lang='lat' dir='ltr'>quam</span> <span class='ocrx_word' id='word_1_89' title='bbox 508 1020 559 1047; x_wconf 80' lang='lat' dir='ltr'>ex</span> <span class='ocrx_word' id='word_1_90' title='bbox 605 1007 797 1048; x_wconf 86' lang='lat' dir='ltr'>materia.</span> <span class='ocrx_word' id='word_1_91' title='bbox 863 1007 920 1046; x_wconf 79' lang='lat' dir='ltr'>Ex</span> <span class='ocrx_word' id='word_1_92' title='bbox 967 1007 1100 1048; x_wconf 85' lang='lat' dir='ltr'>forma</span> <span class='ocrx_word' id='word_1_93' title='bbox 1145 1007 1258 1047; x_wconf 88' lang='lat' dir='ltr'>enim</span> <span class='ocrx_word' id='word_1_94' title='bbox 1297 1006 1412 1047; x_wconf 82' lang='lat' dir='ltr'>aliud</span> <span class='ocrx_word' id='word_1_95' title='bbox 1445 1007 1620 1058; x_wconf 87' lang='lat' dir='ltr'>lignum,</span> <span class='ocrx_word' id='word_1_96' title='bbox 1664 1007 1737 1047; x_wconf 80' lang='lat' dir='ltr'>secl</span> <span class='ocrx_word' id='word_1_97' title='bbox 1780 1019 1865 1047; x_wconf 90' lang='lat' dir='ltr'>non</span> <span class='ocrx_word' id='word_1_98' title='bbox 1908 1020 1958 1046; x_wconf 81' lang='lat' dir='ltr'>ex</span> 
     </span>
     <span class='ocr_line' id='line_1_14' title="bbox 330 1083 1959 1135; baseline 0.001 -12"><span class='ocrx_word' id='word_1_99' title='bbox 330 1083 524 1125; x_wconf 86' lang='lat' dir='ltr'>materia.</span> <span class='ocrx_word' id='word_1_100' title='bbox 613 1083 829 1124; x_wconf 78' lang='lat' dir='ltr'>Athomus</span> <span class='ocrx_word' id='word_1_101' title='bbox 875 1096 989 1134; x_wconf 82' lang='lat' dir='ltr'>ergo,</span> <span class='ocrx_word' id='word_1_102' title='bbox 1034 1083 1131 1124; x_wconf 88' lang='lat' dir='ltr'>licet</span> <span class='ocrx_word' id='word_1_103' title='bbox 1169 1084 1349 1135; x_wconf 71' lang='lat' dir='ltr'>simplex</span> <span class='ocrx_word' id='word_1_104' title='bbox 1394 1083 1460 1132; x_wconf 89' lang='lat' dir='ltr'>sit,</span> <span class='ocrx_word' id='word_1_105' title='bbox 1512 1083 1627 1135; x_wconf 82' lang='lat' dir='ltr'>quod</span> <span class='ocrx_word' id='word_1_106' title='bbox 1673 1085 1790 1124; x_wconf 85' lang='lat' dir='ltr'>caret</span> <span class='ocrx_word' id='word_1_107' title='bbox 1826 1083 1959 1135; x_wconf 85' lang='lat' dir='ltr'>parti-</span> 
     </span>
     <span class='ocr_line' id='line_1_15' title="bbox 328 1160 1955 1212; baseline 0.001 -11"><span class='ocrx_word' id='word_1_108' title='bbox 328 1161 421 1210; x_wconf 82' lang='lat' dir='ltr'>bus,</span> <span class='ocrx_word' id='word_1_109' title='bbox 474 1164 618 1201; x_wconf 85' lang='lat' dir='ltr'>tamen</span> <span class='ocrx_word' id='word_1_110' title='bbox 666 1174 751 1201; x_wconf 89' lang='lat' dir='ltr'>non</span> <span class='ocrx_word' id='word_1_111' title='bbox 803 1173 1000 1201; x_wconf 87' lang='lat' dir='ltr'>summae</span> <span class='ocrx_word' id='word_1_112' title='bbox 1053 1160 1336 1212; x_wconf 77' lang='lat' dir='ltr'>simplicitatis</span> <span class='ocrx_word' id='word_1_113' title='bbox 1388 1163 1469 1209; x_wconf 72' lang='lat' dir='ltr'>est,</span> <span class='ocrx_word' id='word_1_114' title='bbox 1523 1174 1616 1200; x_wconf 90' lang='lat' dir='ltr'>cum</span> <span class='ocrx_word' id='word_1_115' title='bbox 1676 1161 1786 1201; x_wconf 90' lang='lat' dir='ltr'>enim</span> <span class='ocrx_word' id='word_1_116' title='bbox 1842 1160 1955 1202; x_wconf 81' lang='lat' dir='ltr'>dico:</span> 
     </span>
     <span class='ocr_line' id='line_1_16' title="bbox 333 1237 1959 1288; baseline -0.001 -10"><span class='ocrx_word' id='word_1_117' title='bbox 333 1238 580 1287; x_wconf 80' lang='lat' dir='ltr'>,athomus‘,</span> <span class='ocrx_word' id='word_1_118' title='bbox 614 1237 802 1288; x_wconf 78' lang='lat' dir='ltr'>intelligo</span> <span class='ocrx_word' id='word_1_119' title='bbox 825 1250 912 1277; x_wconf 90' lang='lat' dir='ltr'>rem</span> <span class='ocrx_word' id='word_1_120' title='bbox 943 1237 1187 1278; x_wconf 83' lang='lat' dir='ltr'>formatam.</span> <span class='ocrx_word' id='word_1_121' title='bbox 1246 1237 1314 1277; x_wconf 84' lang='lat' dir='ltr'>Sic</span> <span class='ocrx_word' id='word_1_122' title='bbox 1339 1240 1379 1278; x_wconf 88' lang='lat' dir='ltr'>et</span> <span class='ocrx_word' id='word_1_123' title='bbox 1405 1237 1564 1286; x_wconf 87' lang='lat' dir='ltr'>anima,</span> <span class='ocrx_word' id='word_1_124' title='bbox 1598 1237 1718 1277; x_wconf 84' lang='lat' dir='ltr'>cuius</span> <span class='ocrx_word' id='word_1_125' title='bbox 1745 1237 1861 1278; x_wconf 81' lang='lat' dir='ltr'>aliud</span> <span class='ocrx_word' id='word_1_126' title='bbox 1895 1239 1959 1278; x_wconf 89' lang='lat' dir='ltr'>est</span> 
     </span>
     <span class='ocr_line' id='line_1_17' title="bbox 329 1314 1958 1365; baseline -0.001 -9"><span class='ocrx_word' id='word_1_127' title='bbox 329 1315 529 1365; x_wconf 75' lang='lat' dir='ltr'>essentia,</span> <span class='ocrx_word' id='word_1_128' title='bbox 581 1315 695 1355; x_wconf 82' lang='lat' dir='ltr'>aliud</span> <span class='ocrx_word' id='word_1_129' title='bbox 742 1315 996 1355; x_wconf 85' lang='lat' dir='ltr'>substantia.</span> <span class='ocrx_word' id='word_1_130' title='bbox 1092 1314 1286 1355; x_wconf 84' lang='lat' dir='ltr'>Essentia</span> <span class='ocrx_word' id='word_1_131' title='bbox 1338 1314 1427 1354; x_wconf 86' lang='lat' dir='ltr'>eius</span> <span class='ocrx_word' id='word_1_132' title='bbox 1478 1317 1542 1354; x_wconf 86' lang='lat' dir='ltr'>est</span> <span class='ocrx_word' id='word_1_133' title='bbox 1593 1314 1705 1355; x_wconf 87' lang='lat' dir='ltr'>enim</span> <span class='ocrx_word' id='word_1_134' title='bbox 1749 1327 1841 1355; x_wconf 87' lang='lat' dir='ltr'>esse</span> <span class='ocrx_word' id='word_1_135' title='bbox 1890 1327 1958 1355; x_wconf 85' lang='lat' dir='ltr'>ra-</span> 
     </span>
    </p>
   </div>
   <div class='ocr_carea' id='block_1_7' title="bbox 293 1391 1958 1444">
    <p class='ocr_par' dir='ltr' id='par_1_8' title="bbox 293 1391 1958 1444">
     <span class='ocr_line' id='line_1_18' title="bbox 293 1391 1958 1444; baseline 0.001 -15"><span class='ocrx_word' id='word_1_136' title='bbox 293 1392 488 1433; x_wconf 63' lang='lat' dir='ltr'>stionale</span> <span class='ocrx_word' id='word_1_137' title='bbox 543 1395 583 1432; x_wconf 88' lang='lat' dir='ltr'>et</span> <span class='ocrx_word' id='word_1_138' title='bbox 640 1392 882 1433; x_wconf 76' lang='lat' dir='ltr'>immortale</span> <span class='ocrx_word' id='word_1_139' title='bbox 941 1394 1033 1440; x_wconf 88' lang='lat' dir='ltr'>etc.,</span> <span class='ocrx_word' id='word_1_140' title='bbox 1089 1404 1200 1444; x_wconf 86' lang='lat' dir='ltr'>quae</span> <span class='ocrx_word' id='word_1_141' title='bbox 1253 1391 1447 1432; x_wconf 80' lang='lat' dir='ltr'>diversae</span> <span class='ocrx_word' id='word_1_142' title='bbox 1498 1394 1597 1432; x_wconf 87' lang='lat' dir='ltr'>sunt</span> <span class='ocrx_word' id='word_1_143' title='bbox 1649 1391 1811 1432; x_wconf 86' lang='lat' dir='ltr'>formae</span> <span class='ocrx_word' id='word_1_144' title='bbox 1858 1404 1958 1432; x_wconf 84' lang='lat' dir='ltr'>con-</span> 
     </span>
    </p>
   </div>
   <div class='ocr_carea' id='block_1_8' title="bbox 327 1468 1959 1829">
    <p class='ocr_par' dir='ltr' id='par_1_9' title="bbox 327 1468 1959 1829">
     <span class='ocr_line' id='line_1_19' title="bbox 327 1468 1958 1518; baseline -0.001 -9"><span class='ocrx_word' id='word_1_145' title='bbox 327 1469 547 1510; x_wconf 87' lang='lat' dir='ltr'>stitutivae</span> <span class='ocrx_word' id='word_1_146' title='bbox 580 1468 898 1518; x_wconf 78' lang='lat' dir='ltr'>substantiales,</span> <span class='ocrx_word' id='word_1_147' title='bbox 933 1481 1018 1508; x_wconf 89' lang='lat' dir='ltr'>non</span> <span class='ocrx_word' id='word_1_148' title='bbox 1056 1471 1198 1508; x_wconf 85' lang='lat' dir='ltr'>tamen</span> <span class='ocrx_word' id='word_1_149' title='bbox 1237 1468 1335 1508; x_wconf 86' lang='lat' dir='ltr'>inde</span> <span class='ocrx_word' id='word_1_150' title='bbox 1368 1468 1604 1518; x_wconf 83' lang='lat' dir='ltr'>rationalis,</span> <span class='ocrx_word' id='word_1_151' title='bbox 1636 1468 1751 1509; x_wconf 87' lang='lat' dir='ltr'>unde</span> <span class='ocrx_word' id='word_1_152' title='bbox 1784 1469 1958 1509; x_wconf 81' lang='lat' dir='ltr'>immor-</span> 
     </span>
     <span class='ocr_line' id='line_1_20' title="bbox 327 1535 1957 1597; baseline 0 -11"><span class='ocrx_word' id='word_1_153' title='bbox 327 1546 437 1588; x_wconf 88' lang='lat' dir='ltr'>talis.</span> <span class='ocrx_word' id='word_1_154' title='bbox 497 1546 566 1587; x_wconf 81' lang='lat' dir='ltr'>Sic</span> <span class='ocrx_word' id='word_1_155' title='bbox 601 1548 641 1587; x_wconf 87' lang='lat' dir='ltr'>et</span> <span class='ocrx_word' id='word_1_156' title='bbox 674 1546 727 1586; x_wconf 80' lang='lat' dir='ltr'>cle</span> <span class='ocrx_word' id='word_1_157' title='bbox 760 1545 921 1596; x_wconf 86' lang='lat' dir='ltr'>angelis</span> <span class='ocrx_word' id='word_1_158' title='bbox 962 1545 1093 1586; x_wconf 81' lang='lat' dir='ltr'>videri</span> <span class='ocrx_word' id='word_1_159' title='bbox 1127 1547 1281 1597; x_wconf 88' lang='lat' dir='ltr'>potest.</span> <span class='ocrx_word' id='word_1_160' title='bbox 1346 1544 1457 1584; x_wconf 88' lang='lat' dir='ltr'>Nihil</span> <span class='ocrx_word' id='word_1_161' title='bbox 1490 1558 1589 1597; x_wconf 83' lang='lat' dir='ltr'>ergo</span> <span class='ocrx_word' id='word_1_162' title='bbox 1628 1535 1800 1595; x_wconf 81' lang='lat' dir='ltr'>creavit,</span> <span class='ocrx_word' id='word_1_163' title='bbox 1841 1545 1957 1597; x_wconf 82' lang='lat' dir='ltr'>quod</span> 
     </span>
     <span class='ocr_line' id='line_1_21' title="bbox 328 1622 1959 1675; baseline 0 -12"><span class='ocrx_word' id='word_1_164' title='bbox 328 1636 524 1664; x_wconf 88' lang='lat' dir='ltr'>summae</span> <span class='ocrx_word' id='word_1_165' title='bbox 581 1623 864 1675; x_wconf 77' lang='lat' dir='ltr'>simplicitatis</span> <span class='ocrx_word' id='word_1_166' title='bbox 922 1622 988 1671; x_wconf 88' lang='lat' dir='ltr'>sit,</span> <span class='ocrx_word' id='word_1_167' title='bbox 1041 1622 1082 1662; x_wconf 82' lang='lat' dir='ltr'>id</span> <span class='ocrx_word' id='word_1_168' title='bbox 1139 1624 1202 1662; x_wconf 82' lang='lat' dir='ltr'>est</span> <span class='ocrx_word' id='word_1_169' title='bbox 1253 1622 1355 1662; x_wconf 87' lang='lat' dir='ltr'>nihil</span> <span class='ocrx_word' id='word_1_170' title='bbox 1413 1622 1586 1671; x_wconf 84' lang='lat' dir='ltr'>creavit,</span> <span class='ocrx_word' id='word_1_171' title='bbox 1645 1622 1758 1674; x_wconf 82' lang='lat' dir='ltr'>quod</span> <span class='ocrx_word' id='word_1_172' title='bbox 1818 1622 1870 1663; x_wconf 87' lang='grc'>(16</span> <span class='ocrx_word' id='word_1_173' title='bbox 1915 1635 1959 1663; x_wconf 89' lang='grc'>56</span> 
     </span>
     <span class='ocr_line' id='line_1_22' title="bbox 328 1693 1958 1753; baseline -0.001 -13"><span class='ocrx_word' id='word_1_174' title='bbox 328 1700 421 1753; x_wconf 85' lang='lat' dir='ltr'>ipso</span> <span class='ocrx_word' id='word_1_175' title='bbox 472 1700 525 1740; x_wconf 89' lang='lat' dir='ltr'>sit</span> <span class='ocrx_word' id='word_1_176' title='bbox 579 1700 782 1752; x_wconf 77' lang='lat' dir='ltr'>quicquid</span> <span class='ocrx_word' id='word_1_177' title='bbox 839 1702 921 1747; x_wconf 71' lang='lat' dir='ltr'>est,</span> <span class='ocrx_word' id='word_1_178' title='bbox 969 1699 1044 1739; x_wconf 76' lang='lat' dir='ltr'>sed</span> <span class='ocrx_word' id='word_1_179' title='bbox 1089 1698 1269 1750; x_wconf 78' lang='lat' dir='ltr'>simplex</span> <span class='ocrx_word' id='word_1_180' title='bbox 1323 1701 1400 1747; x_wconf 86' lang='lat' dir='ltr'>est,</span> <span class='ocrx_word' id='word_1_181' title='bbox 1447 1698 1561 1750; x_wconf 80' lang='lat' dir='ltr'>quod</span> <span class='ocrx_word' id='word_1_182' title='bbox 1613 1712 1638 1740; x_wconf 86' lang='lat' dir='ltr'>a</span> <span class='ocrx_word' id='word_1_183' title='bbox 1678 1711 1722 1740; x_wconf 89' lang='grc'>56</span> <span class='ocrx_word' id='word_1_184' title='bbox 1762 1698 1853 1751; x_wconf 88' lang='lat' dir='ltr'>ipso</span> <span class='ocrx_word' id='word_1_185' title='bbox 1895 1693 1958 1739; x_wconf 86' lang='lat' dir='ltr'>est</span> 
     </span>
     <span class='ocr_line' id='line_1_23' title="bbox 328 1776 635 1829; baseline 0 -12"><span class='ocrx_word' id='word_1_186' title='bbox 328 1776 531 1829; x_wconf 85' lang='lat' dir='ltr'>quicquid</span> <span class='ocrx_word' id='word_1_187' title='bbox 559 1779 635 1817; x_wconf 85' lang='lat' dir='ltr'>est.</span> 
     </span>
    </p>
   </div>
   <div class='ocr_carea' id='block_1_9' title="bbox 948 1868 1334 1918">
    <p class='ocr_par' dir='ltr' id='par_1_10' title="bbox 948 1868 1334 1918">
     <span class='ocr_line' id='line_1_24' title="bbox 948 1868 1334 1918; baseline 0 -1"><span class='ocrx_word' id='word_1_188' title='bbox 948 1868 1232 1918; x_wconf 79' lang='lat' dir='ltr'>Tractatus</span> <span class='ocrx_word' id='word_1_189' title='bbox 1270 1868 1334 1917; x_wconf 93' lang='grc' dir='ltr'>Π.</span> 
     </span>
    </p>
   </div>
   <div class='ocr_carea' id='block_1_10' title="bbox 427 1945 1850 1998">
    <p class='ocr_par' dir='ltr' id='par_1_11' title="bbox 427 1945 1850 1998">
     <span class='ocr_line' id='line_1_25' title="bbox 427 1945 1850 1998; baseline 0 -11"><span class='ocrx_word' id='word_1_190' title='bbox 427 1947 499 1987; x_wconf 93' lang='lat' dir='ltr'>De</span> <span class='ocrx_word' id='word_1_191' title='bbox 532 1945 790 1987; x_wconf 79' lang='lat' dir='ltr'>creatione</span> <span class='ocrx_word' id='word_1_192' title='bbox 822 1945 972 1998; x_wconf 89' lang='lat' dir='ltr'>primi</span> <span class='ocrx_word' id='word_1_193' title='bbox 1003 1945 1225 1986; x_wconf 89' lang='lat' dir='ltr'>hominis</span> <span class='ocrx_word' id='word_1_194' title='bbox 1260 1948 1309 1988; x_wconf 87' lang='lat' dir='ltr'>et</span> <span class='ocrx_word' id='word_1_195' title='bbox 1342 1946 1402 1987; x_wconf 91' lang='lat' dir='ltr'>de</span> <span class='ocrx_word' id='word_1_196' title='bbox 1434 1945 1591 1987; x_wconf 83' lang='lat' dir='ltr'>libero</span> <span class='ocrx_word' id='word_1_197' title='bbox 1625 1945 1850 1987; x_wconf 80' lang='lat' dir='ltr'>arbitrio.</span> 
     </span>
    </p>
   </div>
   <div class='ocr_carea' id='block_1_11' title="bbox 326 2022 1958 2158">
    <p class='ocr_par' dir='ltr' id='par_1_12' title="bbox 326 2022 1958 2158">
     <span class='ocr_line' id='line_1_26' title="bbox 468 2022 1955 2079; baseline 0 -12"><span class='ocrx_word' id='word_1_198' title='bbox 468 2027 780 2068; x_wconf 84' lang='lat' dir='ltr'>Praetermisso</span> <span class='ocrx_word' id='word_1_199' title='bbox 814 2027 960 2079; x_wconf 87' lang='lat' dir='ltr'>itaque</span> <span class='ocrx_word' id='word_1_200' title='bbox 994 2022 1243 2079; x_wconf 73' lang='lat' dir='ltr'>angelorum</span> <span class='ocrx_word' id='word_1_201' title='bbox 1280 2029 1500 2069; x_wconf 72' lang='lat' dir='ltr'>tractatu2</span> <span class='ocrx_word' id='word_1_202' title='bbox 1542 2027 1598 2068; x_wconf 77' lang='lat' dir='ltr'>acl</span> <span class='ocrx_word' id='word_1_203' title='bbox 1640 2027 1955 2068; x_wconf 78' lang='lat' dir='ltr'>creationem</span> 
     </span>
     <span class='ocr_line' id='line_1_27' title="bbox 326 2103 1958 2158; baseline -0.001 -13"><span class='ocrx_word' id='word_1_204' title='bbox 326 2105 475 2158; x_wconf 88' lang='lat' dir='ltr'>primi</span> <span class='ocrx_word' id='word_1_205' title='bbox 509 2104 733 2145; x_wconf 85' lang='lat' dir='ltr'>hominis</span> <span class='ocrx_word' id='word_1_206' title='bbox 767 2104 1073 2145; x_wconf 85' lang='lat' dir='ltr'>accedimus.</span> <span class='ocrx_word' id='word_1_207' title='bbox 1138 2105 1199 2146; x_wconf 93' lang='lat' dir='ltr'>De</span> <span class='ocrx_word' id='word_1_208' title='bbox 1232 2118 1317 2157; x_wconf 85' lang='lat' dir='ltr'>quo</span> <span class='ocrx_word' id='word_1_209' title='bbox 1350 2104 1391 2145; x_wconf 89' lang='lat' dir='ltr'>in</span> <span class='ocrx_word' id='word_1_210' title='bbox 1426 2105 1539 2145; x_wconf 87' lang='lat' dir='ltr'>hunc</span> <span class='ocrx_word' id='word_1_211' title='bbox 1566 2103 1741 2145; x_wconf 80' lang='lat' dir='ltr'>modum</span> <span class='ocrx_word' id='word_1_212' title='bbox 1772 2107 1958 2145; x_wconf 87' lang='lat' dir='ltr'>tractare</span> 
     </span>
    </p>
   </div>
   <div class='ocr_carea' id='block_1_12' title="bbox 274 2181 1958 2235">
    <p class='ocr_par' dir='ltr' id='par_1_13' title="bbox 274 2181 1958 2235">
     <span class='ocr_line' id='line_1_28' title="bbox 274 2181 1958 2235; baseline -0.001 -13"><span class='ocrx_word' id='word_1_213' title='bbox 274 2204 288 2217; x_wconf 60' lang='grc' dir='ltr'><strong>ω</strong></span> <span class='ocrx_word' id='word_1_214' title='bbox 327 2182 645 2235; x_wconf 86' lang='lat' dir='ltr'>proposuimus.</span> <span class='ocrx_word' id='word_1_215' title='bbox 710 2181 878 2221; x_wconf 86' lang='lat' dir='ltr'>Primo</span> <span class='ocrx_word' id='word_1_216' title='bbox 918 2181 1190 2222; x_wconf 83' lang='lat' dir='ltr'>videndum</span> <span class='ocrx_word' id='word_1_217' title='bbox 1237 2185 1329 2231; x_wconf 87' lang='lat' dir='ltr'>est,</span> <span class='ocrx_word' id='word_1_218' title='bbox 1374 2182 1632 2234; x_wconf 84' lang='lat' dir='ltr'>quomodo</span> <span class='ocrx_word' id='word_1_219' title='bbox 1674 2182 1734 2222; x_wconf 82' lang='lat' dir='ltr'>acl</span> <span class='ocrx_word' id='word_1_220' title='bbox 1778 2181 1958 2233; x_wconf 87' lang='lat' dir='ltr'>imagi-</span> 
     </span>
    </p>
   </div>
   <div class='ocr_carea' id='block_1_13' title="bbox 326 2258 1958 2466">
    <p class='ocr_par' dir='ltr' id='par_1_14' title="bbox 326 2258 1958 2466">
     <span class='ocr_line' id='line_1_29' title="bbox 328 2258 1958 2308; baseline 0 -9"><span class='ocrx_word' id='word_1_221' title='bbox 328 2273 437 2300; x_wconf 89' lang='lat' dir='ltr'>nem</span> <span class='ocrx_word' id='word_1_222' title='bbox 485 2261 532 2299; x_wconf 92' lang='lat' dir='ltr'>et</span> <span class='ocrx_word' id='word_1_223' title='bbox 577 2258 969 2299; x_wconf 86' lang='lat' dir='ltr'>similitudinem</span> <span class='ocrx_word' id='word_1_224' title='bbox 1016 2259 1181 2308; x_wconf 80' lang='lat' dir='ltr'>factus</span> <span class='ocrx_word' id='word_1_225' title='bbox 1227 2259 1313 2299; x_wconf 90' lang='lat' dir='ltr'>Dei</span> <span class='ocrx_word' id='word_1_226' title='bbox 1361 2259 1579 2307; x_wconf 81' lang='lat' dir='ltr'>clicatur;</span> <span class='ocrx_word' id='word_1_227' title='bbox 1627 2259 1852 2299; x_wconf 80' lang='lat' dir='ltr'>secundo</span> <span class='ocrx_word' id='word_1_228' title='bbox 1898 2258 1958 2299; x_wconf 89' lang='grc'>(16</span> 
     </span>
     <span class='ocr_line' id='line_1_30' title="bbox 327 2326 1955 2388; baseline -0.001 -11"><span class='ocrx_word' id='word_1_229' title='bbox 327 2339 465 2377; x_wconf 86' lang='lat' dir='ltr'>statu</span> <span class='ocrx_word' id='word_1_230' title='bbox 510 2336 770 2376; x_wconf 86' lang='lat' dir='ltr'>libertatis</span> <span class='ocrx_word' id='word_1_231' title='bbox 815 2338 934 2377; x_wconf 89' lang='lat' dir='ltr'>ante</span> <span class='ocrx_word' id='word_1_232' title='bbox 978 2338 1264 2388; x_wconf 83' lang='lat' dir='ltr'>peccatum3</span> <span class='ocrx_word' id='word_1_233' title='bbox 1318 2336 1473 2376; x_wconf 84' lang='lat' dir='ltr'>tertio</span> <span class='ocrx_word' id='word_1_234' title='bbox 1527 2326 1585 2376; x_wconf 79' lang='grc'>(16</span> <span class='ocrx_word' id='word_1_235' title='bbox 1632 2335 1738 2375; x_wconf 86' lang='lat' dir='ltr'>eius</span> <span class='ocrx_word' id='word_1_236' title='bbox 1783 2335 1955 2387; x_wconf 88' lang='lat' dir='ltr'>lapsu;</span> 
     </span>
     <span class='ocr_line' id='line_1_31' title="bbox 326 2412 1159 2466; baseline -0.001 -12"><span class='ocrx_word' id='word_1_237' title='bbox 326 2414 513 2466; x_wconf 84' lang='lat' dir='ltr'>quarto</span> <span class='ocrx_word' id='word_1_238' title='bbox 547 2412 606 2453; x_wconf 86' lang='lat' dir='ltr'>de</span> <span class='ocrx_word' id='word_1_239' title='bbox 639 2412 746 2452; x_wconf 88' lang='lat' dir='ltr'>eius</span> <span class='ocrx_word' id='word_1_240' title='bbox 780 2412 1159 2464; x_wconf 41' lang='lat' dir='ltr'>reparatione?</span> 
     </span>
    </p>
   </div>
   <div class='ocr_carea' id='block_1_14' title="bbox 586 2494 702 2497">
    <p class='ocr_par' dir='ltr' id='par_1_15' title="bbox 586 2494 702 2497">
     <span class='ocr_line' id='line_1_32' title="bbox 586 2494 702 2497; baseline 0 0"><span class='ocrx_word' id='word_1_241' title='bbox 586 2494 702 2497; x_wconf 95' lang='lat' dir='ltr'> </span> 
     </span>
    </p>
   </div>
   <div class='ocr_carea' id='block_1_15' title="bbox 471 2526 1955 2570">
    <p class='ocr_par' dir='ltr' id='par_1_16' title="bbox 471 2526 1955 2570">
     <span class='ocr_line' id='line_1_33' title="bbox 471 2526 1955 2570; baseline -0.003 -9"><span class='ocrx_word' id='word_1_242' title='bbox 471 2529 484 2561; x_wconf 93' lang='lat'>1</span> <span class='ocrx_word' id='word_1_243' title='bbox 520 2526 554 2560; x_wconf 82' lang='lat' dir='ltr'>id</span> <span class='ocrx_word' id='word_1_244' title='bbox 581 2526 648 2568; x_wconf 77' lang='lat' dir='ltr'>est]</span> <span class='ocrx_word' id='word_1_245' title='bbox 685 2526 768 2569; x_wconf 84' lang='lat' dir='ltr'>quia</span> <span class='ocrx_word' id='word_1_246' title='bbox 791 2527 829 2559; x_wconf 85' lang='lat' dir='ltr'>B.</span> <span class='ocrx_word' id='word_1_247' title='bbox 946 2526 966 2558; x_wconf 81' lang='lat'><strong>2</strong></span> <span class='ocrx_word' id='word_1_248' title='bbox 988 2531 1070 2568; x_wconf 68' lang='lat' dir='ltr'>post</span> <span class='ocrx_word' id='word_1_249' title='bbox 1097 2537 1141 2559; x_wconf 82' lang='lat' dir='ltr'>ex</span> <span class='ocrx_word' id='word_1_250' title='bbox 1167 2537 1205 2559; x_wconf 88' lang='grc'>56</span> <span class='ocrx_word' id='word_1_251' title='bbox 1238 2527 1322 2560; x_wconf 75' lang='lat' dir='ltr'>add.</span> <span class='ocrx_word' id='word_1_252' title='bbox 1346 2528 1378 2559; x_wconf 84' lang='lat' dir='ltr'><strong><em>A</em></strong></span> <span class='ocrx_word' id='word_1_253' title='bbox 1395 2526 1426 2558; x_wconf 85' lang='grc' dir='ltr'><em>Β</em></span> <span class='ocrx_word' id='word_1_254' title='bbox 1451 2528 1582 2570; x_wconf 78' lang='lat' dir='ltr'>posset,</span> <span class='ocrx_word' id='word_1_255' title='bbox 1610 2527 1701 2569; x_wconf 71' lang='lat' dir='ltr'>qaod</span> <span class='ocrx_word' id='word_1_256' title='bbox 1727 2527 1955 2559; x_wconf 68' lang='lat' dir='ltr'>omittendum</span> 
     </span>
    </p>
   </div>
   <div class='ocr_carea' id='block_1_16' title="bbox 325 2580 1958 2866">
    <p class='ocr_par' dir='ltr' id='par_1_17' title="bbox 325 2580 1958 2866">
     <span class='ocr_line' id='line_1_34' title="bbox 325 2580 1958 2628; baseline -0.001 -9"><span class='ocrx_word' id='word_1_257' title='bbox 325 2580 397 2621; x_wconf 62' lang='lat' dir='ltr'>csse</span> <span class='ocrx_word' id='word_1_258' title='bbox 424 2588 571 2620; x_wconf 62' lang='lat' dir='ltr'>ridetur.</span> <span class='ocrx_word' id='word_1_259' title='bbox 694 2586 714 2619; x_wconf 83' lang='lat'>3</span> <span class='ocrx_word' id='word_1_260' title='bbox 741 2585 854 2628; x_wconf 83' lang='lat' dir='ltr'>possit</span> <span class='ocrx_word' id='word_1_261' title='bbox 876 2585 917 2620; x_wconf 84' lang='lat' dir='ltr'>H.</span> <span class='ocrx_word' id='word_1_262' title='bbox 1063 2584 1083 2618; x_wconf 81' lang='lat'>8</span> <span class='ocrx_word' id='word_1_263' title='bbox 1110 2584 1226 2628; x_wconf 80' lang='lat' dir='ltr'>magis</span> <span class='ocrx_word' id='word_1_264' title='bbox 1330 2585 1464 2628; x_wconf 85' lang='lat' dir='ltr'>aliquid</span> <span class='ocrx_word' id='word_1_265' title='bbox 1487 2596 1550 2618; x_wconf 80' lang='lat' dir='ltr'>om.</span> <span class='ocrx_word' id='word_1_266' title='bbox 1575 2587 1616 2620; x_wconf 83' lang='lat' dir='ltr'>A.</span> <span class='ocrx_word' id='word_1_267' title='bbox 1751 2585 1832 2618; x_wconf 78' lang='lat'>10-</span> <span class='ocrx_word' id='word_1_268' title='bbox 1847 2584 1885 2617; x_wconf 87' lang='lat'>11</span> <span class='ocrx_word' id='word_1_269' title='bbox 1914 2595 1958 2628; x_wconf 79' lang='lat' dir='ltr'>ex</span> 
     </span>
     <span class='ocr_line' id='line_1_35' title="bbox 326 2644 1957 2687; baseline -0.002 -8"><span class='ocrx_word' id='word_1_270' title='bbox 326 2646 439 2679; x_wconf 79' lang='lat' dir='ltr'>forma</span> <span class='ocrx_word' id='word_1_271' title='bbox 543 2657 587 2678; x_wconf 83' lang='lat' dir='ltr'>ex</span> <span class='ocrx_word' id='word_1_272' title='bbox 613 2644 764 2678; x_wconf 82' lang='lat' dir='ltr'>materia</span> <span class='ocrx_word' id='word_1_273' title='bbox 790 2656 853 2679; x_wconf 79' lang='lat' dir='ltr'>om.</span> <span class='ocrx_word' id='word_1_274' title='bbox 877 2647 919 2679; x_wconf 78' lang='lat' dir='ltr'>A.</span> <span class='ocrx_word' id='word_1_275' title='bbox 1020 2645 1058 2677; x_wconf 92' lang='grc'>11</span> <span class='ocrx_word' id='word_1_276' title='bbox 1083 2650 1165 2687; x_wconf 70' lang='lat' dir='ltr'>post</span> <span class='ocrx_word' id='word_1_277' title='bbox 1191 2645 1341 2678; x_wconf 82' lang='lat' dir='ltr'>materia</span> <span class='ocrx_word' id='word_1_278' title='bbox 1364 2647 1397 2678; x_wconf 68' lang='lat' dir='ltr'>{n</span> <span class='ocrx_word' id='word_1_279' title='bbox 1418 2645 1452 2677; x_wconf 85' lang='grc' dir='ltr'><em>Β</em></span> <span class='ocrx_word' id='word_1_280' title='bbox 1478 2656 1499 2677; x_wconf 76' lang='grc' dir='ltr'>(ι</span> <span class='ocrx_word' id='word_1_281' title='bbox 1525 2656 1636 2678; x_wconf 75' lang='lat' dir='ltr'>mmm</span> <span class='ocrx_word' id='word_1_282' title='bbox 1655 2646 1846 2677; x_wconf 68' lang='lat' dir='ltr'>recentiore</span> <span class='ocrx_word' id='word_1_283' title='bbox 1872 2645 1957 2677; x_wconf 76' lang='lat' dir='ltr'>add.</span> 
     </span>
     <span class='ocr_line' id='line_1_36' title="bbox 326 2690 1958 2747; baseline -0.002 -9"><span class='ocrx_word' id='word_1_284' title='bbox 326 2717 368 2738; x_wconf 84' lang='lat' dir='ltr'>ex</span> <span class='ocrx_word' id='word_1_285' title='bbox 396 2704 548 2738; x_wconf 82' lang='lat' dir='ltr'>materia</span> <span class='ocrx_word' id='word_1_286' title='bbox 573 2704 665 2737; x_wconf 86' lang='lat' dir='ltr'>enim</span> <span class='ocrx_word' id='word_1_287' title='bbox 692 2705 775 2737; x_wconf 84' lang='lat' dir='ltr'>sunt</span> <span class='ocrx_word' id='word_1_288' title='bbox 802 2703 906 2736; x_wconf 86' lang='lat' dir='ltr'>idem.</span> <span class='ocrx_word' id='word_1_289' title='bbox 1016 2703 1122 2747; x_wconf 86' lang='lat' dir='ltr'>quod]</span> <span class='ocrx_word' id='word_1_290' title='bbox 1151 2703 1234 2747; x_wconf 84' lang='lat' dir='ltr'>quia</span> <span class='ocrx_word' id='word_1_291' title='bbox 1248 2705 1291 2737; x_wconf 77' lang='lat' dir='ltr'>B.</span> <span class='ocrx_word' id='word_1_292' title='bbox 1401 2703 1443 2736; x_wconf 84' lang='lat'>14</span> <span class='ocrx_word' id='word_1_293' title='bbox 1469 2703 1561 2736; x_wconf 85' lang='lat' dir='ltr'>enim</span> <span class='ocrx_word' id='word_1_294' title='bbox 1582 2715 1646 2736; x_wconf 82' lang='lat' dir='ltr'>om.</span> <span class='ocrx_word' id='word_1_295' title='bbox 1665 2704 1705 2736; x_wconf 78' lang='lat' dir='ltr'>B.</span> <span class='ocrx_word' id='word_1_296' title='bbox 1754 2690 1755 2693; x_wconf 11' lang='grc' dir='ltr'><strong>Ἴ</strong></span> <span class='ocrx_word' id='word_1_297' title='bbox 1815 2703 1856 2736; x_wconf 88' lang='grc'>16</span> <span class='ocrx_word' id='word_1_298' title='bbox 1876 2708 1958 2745; x_wconf 67' lang='lat' dir='ltr'>post</span> 
     </span>
     <span class='ocr_line' id='line_1_37' title="bbox 325 2761 1957 2805; baseline -0.002 -8"><span class='ocrx_word' id='word_1_299' title='bbox 325 2767 444 2797; x_wconf 83' lang='lat' dir='ltr'>tamen</span> <span class='ocrx_word' id='word_1_300' title='bbox 472 2765 553 2796; x_wconf 73' lang='lat' dir='ltr'>add.</span> <span class='ocrx_word' id='word_1_301' title='bbox 576 2765 606 2796; x_wconf 75' lang='lat' dir='ltr'>B</span> <span class='ocrx_word' id='word_1_302' title='bbox 633 2762 762 2796; x_wconf 80' lang='lat' dir='ltr'>dic-itur</span> <span class='ocrx_word' id='word_1_303' title='bbox 784 2764 863 2805; x_wconf 75' lang='lat' dir='ltr'>(pro</span> <span class='ocrx_word' id='word_1_304' title='bbox 888 2764 1007 2795; x_wconf 83' lang='lat' dir='ltr'>tamen</span> <span class='ocrx_word' id='word_1_305' title='bbox 1035 2764 1239 2796; x_wconf 67' lang='lat' dir='ltr'>coniecerim</span> <span class='ocrx_word' id='word_1_306' title='bbox 1268 2763 1610 2801; x_wconf 75' lang='lat' dir='ltr'>e11in].Bae2mzker).</span> <span class='ocrx_word' id='word_1_307' title='bbox 1737 2762 1779 2795; x_wconf 85' lang='grc'>17</span> <span class='ocrx_word' id='word_1_308' title='bbox 1807 2761 1849 2795; x_wconf 90' lang='grc'>(16</span> <span class='ocrx_word' id='word_1_309' title='bbox 1876 2761 1957 2794; x_wconf 79' lang='lat' dir='ltr'>aliis</span> 
     </span>
     <span class='ocr_line' id='line_1_38' title="bbox 325 2820 1956 2866; baseline -0.002 -10"><span class='ocrx_word' id='word_1_310' title='bbox 325 2822 463 2866; x_wconf 78' lang='lat' dir='ltr'>angelis</span> <span class='ocrx_word' id='word_1_311' title='bbox 481 2825 521 2857; x_wconf 77' lang='grc' dir='ltr'>Α.</span> <span class='ocrx_word' id='word_1_312' title='bbox 634 2821 769 2855; x_wconf 34' lang='lat'>17218</span> <span class='ocrx_word' id='word_1_313' title='bbox 797 2821 889 2865; x_wconf 83' lang='lat' dir='ltr'>quod</span> <span class='ocrx_word' id='word_1_314' title='bbox 995 2822 1131 2855; x_wconf 82' lang='lat' dir='ltr'>creavit</span> <span class='ocrx_word' id='word_1_315' title='bbox 1158 2834 1221 2857; x_wconf 84' lang='lat' dir='ltr'>om.</span> <span class='ocrx_word' id='word_1_316' title='bbox 1248 2825 1290 2855; x_wconf 84' lang='grc' dir='ltr'>Α,</span> <span class='ocrx_word' id='word_1_317' title='bbox 1414 2821 1455 2854; x_wconf 83' lang='lat'>18</span> <span class='ocrx_word' id='word_1_318' title='bbox 1483 2821 1524 2854; x_wconf 89' lang='lat' dir='ltr'>de</span> <span class='ocrx_word' id='word_1_319' title='bbox 1545 2833 1610 2855; x_wconf 80' lang='lat' dir='ltr'>om.</span> <span class='ocrx_word' id='word_1_320' title='bbox 1639 2823 1681 2856; x_wconf 90' lang='lat' dir='ltr'>B.</span> <span class='ocrx_word' id='word_1_321' title='bbox 1794 2821 1836 2854; x_wconf 84' lang='lat'>19</span> <span class='ocrx_word' id='word_1_322' title='bbox 1863 2820 1956 2864; x_wconf 84' lang='lat' dir='ltr'>quod</span> 
     </span>
    </p>
   </div>
   <div class='ocr_carea' id='block_1_17' title="bbox 326 2880 723 2925">
    <p class='ocr_par' dir='ltr' id='par_1_18' title="bbox 326 2880 723 2925">
     <span class='ocr_line' id='line_1_39' title="bbox 326 2880 723 2925; baseline -0.003 -10"><span class='ocrx_word' id='word_1_323' title='bbox 326 2893 345 2915; x_wconf 83' lang='lat' dir='ltr'>a</span> <span class='ocrx_word' id='word_1_324' title='bbox 371 2880 423 2925; x_wconf 85' lang='lat' dir='ltr'>se]</span> <span class='ocrx_word' id='word_1_325' title='bbox 452 2882 535 2925; x_wconf 86' lang='lat' dir='ltr'>quia</span> <span class='ocrx_word' id='word_1_326' title='bbox 560 2881 594 2914; x_wconf 86' lang='lat' dir='ltr'>in</span> <span class='ocrx_word' id='word_1_327' title='bbox 622 2892 660 2915; x_wconf 82' lang='lat' dir='ltr'>se</span> <span class='ocrx_word' id='word_1_328' title='bbox 683 2883 723 2914; x_wconf 85' lang='grc' dir='ltr'>Β.</span> 
     </span>
    </p>
   </div>
   <div class='ocr_carea' id='block_1_18' title="bbox 330 2962 859 2966">
    <p class='ocr_par' dir='ltr' id='par_1_19' title="bbox 330 2962 859 2966">
     <span class='ocr_line' id='line_1_40' title="bbox 330 2962 859 2966; baseline 0 0"><span class='ocrx_word' id='word_1_329' title='bbox 330 2962 859 2966; x_wconf 95' lang='lat' dir='ltr'> </span> 
     </span>
    </p>
   </div>
   <div class='ocr_carea' id='block_1_19' title="bbox 467 2994 1873 3154">
    <p class='ocr_par' dir='ltr' id='par_1_20' title="bbox 467 2994 1873 3154">
     <span class='ocr_line' id='line_1_41' title="bbox 469 2994 1794 3039; baseline -0.001 -11"><span class='ocrx_word' id='word_1_330' title='bbox 469 2994 479 3012; x_wconf 74' lang='lat'>²</span> <span class='ocrx_word' id='word_1_331' title='bbox 506 3007 534 3030; x_wconf 88' lang='lat' dir='ltr'>c.</span> <span class='ocrx_word' id='word_1_332' title='bbox 562 2995 592 3030; x_wconf 78' lang='lat'>2.</span> <span class='ocrx_word' id='word_1_333' title='bbox 622 2994 702 3036; x_wconf 79' lang='lat' dir='ltr'>(PL.</span> <span class='ocrx_word' id='word_1_334' title='bbox 731 2995 785 3035; x_wconf 85' lang='lat'>64,</span> <span class='ocrx_word' id='word_1_335' title='bbox 816 2995 905 3028; x_wconf 75' lang='lat'>1250</span> <span class='ocrx_word' id='word_1_336' title='bbox 933 2996 996 3036; x_wconf 59' lang='lat'>157:</span> <span class='ocrx_word' id='word_1_337' title='bbox 1026 2994 1138 3028; x_wconf 86' lang='lat' dir='ltr'>Omne</span> <span class='ocrx_word' id='word_1_338' title='bbox 1164 3006 1315 3039; x_wconf 83' lang='lat' dir='ltr'>namque</span> <span class='ocrx_word' id='word_1_339' title='bbox 1343 3005 1421 3028; x_wconf 86' lang='lat' dir='ltr'>esse</span> <span class='ocrx_word' id='word_1_340' title='bbox 1448 3005 1491 3027; x_wconf 86' lang='lat' dir='ltr'>ex</span> <span class='ocrx_word' id='word_1_341' title='bbox 1518 2994 1632 3027; x_wconf 85' lang='lat' dir='ltr'>forma</span> <span class='ocrx_word' id='word_1_342' title='bbox 1658 2997 1723 3029; x_wconf 75' lang='lat' dir='ltr'>est.</span> <span class='ocrx_word' id='word_1_343' title='bbox 1741 3021 1747 3028; x_wconf 92' lang='lat'>.</span> <span class='ocrx_word' id='word_1_344' title='bbox 1764 3020 1794 3028; x_wconf 89' lang='lat'>..</span> 
     </span>
     <span class='ocr_line' id='line_1_42' title="bbox 468 3052 1873 3097; baseline -0.001 -10"><span class='ocrx_word' id='word_1_345' title='bbox 468 3053 481 3071; x_wconf 84' lang='lat'>·.›</span> <span class='ocrx_word' id='word_1_346' title='bbox 506 3053 565 3089; x_wconf 76' lang='lat' dir='ltr'>SS.</span> <span class='ocrx_word' id='word_1_347' title='bbox 591 3056 635 3089; x_wconf 81' lang='lat' dir='ltr'>tr.</span> <span class='ocrx_word' id='word_1_348' title='bbox 662 3054 705 3089; x_wconf 88' lang='grc' dir='ltr'>ΙΙ.</span> <span class='ocrx_word' id='word_1_349' title='bbox 735 3053 815 3095; x_wconf 77' lang='lat' dir='ltr'>(PL.</span> <span class='ocrx_word' id='word_1_350' title='bbox 846 3054 921 3094; x_wconf 83' lang='lat'>176,</span> <span class='ocrx_word' id='word_1_351' title='bbox 951 3054 993 3087; x_wconf 81' lang='lat'>79</span> <span class='ocrx_word' id='word_1_352' title='bbox 1020 3054 1130 3097; x_wconf 86' lang='lat' dir='ltr'>sqq.);</span> <span class='ocrx_word' id='word_1_353' title='bbox 1158 3054 1275 3088; x_wconf 78' lang='lat' dir='ltr'>Petr.</span> <span class='ocrx_word' id='word_1_354' title='bbox 1296 3053 1434 3087; x_wconf 87' lang='lat' dir='ltr'>Lomb.</span> <span class='ocrx_word' id='word_1_355' title='bbox 1462 3054 1555 3086; x_wconf 56' lang='grc' dir='ltr'><em>δρυΐ.</em></span> <span class='ocrx_word' id='word_1_356' title='bbox 1582 3052 1603 3087; x_wconf 90' lang='lat' dir='ltr'>l.</span> <span class='ocrx_word' id='word_1_357' title='bbox 1625 3052 1668 3086; x_wconf 92' lang='grc' dir='ltr'>ΙΙ.</span> <span class='ocrx_word' id='word_1_358' title='bbox 1692 3052 1722 3088; x_wconf 88' lang='grc'>(1.</span> <span class='ocrx_word' id='word_1_359' title='bbox 1746 3052 1873 3086; x_wconf 82' lang='grc'>2-11,</span> 
     </span>
     <span class='ocr_line' id='line_1_43' title="bbox 467 3112 1095 3154; baseline 0 -7"><span class='ocrx_word' id='word_1_360' title='bbox 467 3112 479 3130; x_wconf 71' lang='lat'>³</span> <span class='ocrx_word' id='word_1_361' title='bbox 504 3114 548 3148; x_wconf 84' lang='lat' dir='ltr'>cf.</span> <span class='ocrx_word' id='word_1_362' title='bbox 576 3112 634 3147; x_wconf 75' lang='lat' dir='ltr'>SS.</span> <span class='ocrx_word' id='word_1_363' title='bbox 663 3114 724 3147; x_wconf 89' lang='lat' dir='ltr'>III.</span> <span class='ocrx_word' id='word_1_364' title='bbox 751 3113 782 3147; x_wconf 79' lang='lat'>2.</span> <span class='ocrx_word' id='word_1_365' title='bbox 810 3112 892 3153; x_wconf 82' lang='lat' dir='ltr'><strong>(PL.</strong></span> <span class='ocrx_word' id='word_1_366' title='bbox 924 3113 998 3153; x_wconf 77' lang='lat'>176,</span> <span class='ocrx_word' id='word_1_367' title='bbox 1026 3113 1095 3154; x_wconf 86' lang='lat'>91).</span> 
     </span>
    </p>
   </div>
  </div>
 </body>
</html>
