2106 3453
369 256 435 290 166
447 256 464 275 ⁵²²
964 256 1170 290 Sententiae
1196 256 1406 290 divinitatis.

511 361 548 401 6.
596 360 723 400 Item
763 359 942 412 quaeri
982 360 1131 410 solet,
1175 359 1296 412 quid
1341 360 1731 401 convenientius
1770 360 1991 411 dicatur,

368 450 428 478 an
474 450 677 489 semper
720 439 870 478 natus
915 437 981 477 sit
1024 450 1085 478 an
1137 450 1337 489 semper
1381 437 1666 488 gignatur¹.
1730 437 1838 478 Dicit
1883 437 1996 477 enim

368 513 675 555 auctoritas:
712 514 860 555 Melius
893 516 958 554 est
990 514 1131 555 dicere
1164 527 1333 566 semper
1375 516 1517 564 natus,
1560 527 1691 566 quam
1725 527 1896 566 semper
1929 526 1999 565 ge-

372 593 558 632 neretur.
623 591 734 641 Quia
770 591 842 643 qui
880 594 1125 642 generatur,
1166 591 1359 632 nondum
1405 591 1591 643 perfecte
1636 594 1764 631 natus
1809 593 1885 632 est.
1951 591 2000 631 Et

334 683 351 709 5
372 668 467 709 ideo
500 668 652 709 melius
685 670 749 709 est
780 667 934 718 dicere,
968 668 1085 721 quod
1118 681 1288 720 semper
1320 668 1369 708 sit
1400 670 1540 718 natus,
1575 682 1703 721 quam
1734 681 1904 720 semper
1929 680 2000 719 ge-

374 747 560 787 neretur.
624 745 809 786 Econtra
854 757 955 786 vero
1000 745 1339 798 Hieronymus
1384 748 1431 786 et
1474 745 1795 796 Augustinus
1840 744 2000 796 dicunt,

372 822 488 874 quod
522 835 692 875 semper
723 821 909 873 gignitur
941 825 982 862 et
1015 822 1225 863 inducunt
1256 822 1337 863 hoc
1372 822 1530 864 simile:
1584 822 1703 864 Sicut
1730 822 1875 863 radius
1902 822 2001 862 solis

370 913 395 941 a
428 899 517 939 sole
537 898 730 951 procedit
764 901 804 939 et
825 912 1050 951 nunquam
1083 899 1244 940 recedit
1278 899 1333 941 ab
1361 912 1411 940 eo
1429 902 1511 941 2.,.
1611 902 1627 940 t
1655 899 1784 940 illud:
1809 899 2003 940 Aeterna

317 1010 319 1012 .
370 979 433 1018 est
466 976 685 1028 generatio
718 976 822 1016 Filii.
886 976 938 1016 Et
969 976 1246 1029 Propheta:
1289 976 1376 1030 Esse
1407 976 1524 1017 hodie
1552 977 1677 1031 96)ῑίιί
1709 980 1743 1016 te
1777 976 1861 1030 (Rs.
1887 975 2001 1030 2,'7).

321 1068 352 1093 10
373 1054 424 1095 Et
465 1054 561 1095 ideo
600 1053 752 1095 melius
791 1053 963 1095 dicitur:
1020 1054 1201 1107 Semper
1240 1054 1436 1105 gignitur,
1483 1066 1615 1106 quam
1660 1066 1831 1106 semper
1875 1056 2003 1093 natus

372 1134 450 1173 est.
512 1131 755 1183 Utrumque
788 1144 895 1173 sana
928 1130 1012 1172 fide
1053 1130 1229 1172 concedi
1273 1133 1428 1183 potest.
1492 1130 1561 1171 Ad
1606 1131 1723 1183 quod
1768 1130 2000 1172 videndum

372 1209 595 1249 sciendum
630 1210 707 1258 est,
741 1209 856 1261 quod
891 1208 1111 1260 generatio
1145 1208 1229 1250 alia
1261 1208 1463 1260 perfecta,
1498 1208 1580 1249 alia
1614 1208 1885 1260 imperfecta;
1920 1208 2003 1249 alia

372 1286 504 1327 habet
536 1285 701 1326 initium
737 1288 778 1326 et
810 1286 955 1335 finem,
989 1285 1073 1328 alia
1106 1286 1273 1326 initium
1309 1287 1493 1327 tantum.
1549 1285 1751 1326 Humana
1783 1285 2002 1336 generatio

372 1364 561 1416 perfecta
594 1365 657 1404 est
691 1366 732 1404 et
764 1362 895 1404 habet
927 1363 1094 1403 initium
1131 1366 1171 1404 et
1204 1362 1336 1404 habet
1367 1363 1511 1404 finem.
1570 1362 1712 1404 Semel
1745 1363 1859 1403 enim
1894 1362 2004 1403 filius

319 1459 351 1484 15
369 1443 599 1493 generatur
642 1443 811 1481 tantum
858 1454 883 1481 a
927 1443 1078 1482 matre.
1151 1440 1405 1492 Imperfecta
1447 1439 1686 1491 generatio,
1747 1440 1855 1481 sicut
1906 1453 2003 1481 cum

372 1518 556 1569 gignitur
588 1532 694 1571 puer
727 1522 768 1560 et
800 1518 992 1560 nondum
1026 1522 1155 1560 natus
1189 1521 1264 1560 est.
1330 1518 1447 1559 Haec
1479 1518 1648 1559 initium
1680 1518 1812 1560 habet
1844 1520 1886 1559 et
1918 1532 2003 1559 non

372 1596 516 1636 finem.
589 1596 681 1637 Hoc
727 1596 857 1637 etiam
903 1596 944 1637 in
986 1596 1082 1648 igne
1124 1596 1383 1637 considerari
1429 1599 1587 1649 potest.
1662 1595 1773 1637 Nam
1819 1595 1914 1637 ilico
1960 1598 2006 1636 ut

373 1668 480 1724 ignis
514 1676 591 1724 est,
624 1674 828 1726 splendor
860 1674 915 1715 ab
948 1673 1040 1726 ipso
1075 1674 1210 1714 oritur
1243 1687 1320 1715 nec
1347 1673 1502 1715 desinit
1534 1673 1752 1726 splendor,
1787 1673 1867 1714 nisi
1894 1673 2004 1714 desi-

374 1754 448 1791 nat
492 1754 534 1792 et
571 1751 691 1802 ignis.
755 1752 906 1804 Itaque
948 1751 1043 1793 illae
1086 1751 1365 1792 auctoritates
1410 1764 1522 1803 quae
1564 1751 1780 1792 dixerunt:
1827 1751 2007 1803 Semper

322 1843 356 1868 20
378 1831 506 1870 natus
539 1831 616 1879 est,
650 1829 956 1881 perfectionem
990 1831 1143 1869 notare
1176 1829 1417 1878 voluerunt,
1460 1828 1557 1870 illae
1602 1841 1703 1870 vero
1746 1842 1857 1882 quae
1890 1829 2006 1870 dixe—

374 1908 492 1946 runt:
539 1906 719 1958 Semper
757 1905 955 1958 gignitur,
1000 1909 1225 1948 removent
1266 1906 1584 1958 separationem
1629 1909 1671 1947 et
1711 1909 1866 1948 notant
1905 1919 2007 1948 con-

375 1982 673 2025 tinuationem.

677 2091 754 2130 111.
784 2091 840 2131 De
869 2092 1170 2142 praedicatione
1198 2093 1396 2130 nominum
1424 2093 1465 2130 in
1494 2092 1706 2130 Trinitate.

525 2183 559 2220 1.
605 2179 726 2220 Item
779 2179 1039 2221 sciendum
1087 2182 1180 2229 est,
1234 2179 1369 2232 quod
1415 2179 1667 2232 quaedam
1712 2180 1917 2222 nomina
1961 2181 2007 2221 in

324 2256 639 2298 25T1¹initate
672 2257 917 2298 dicuntur
949 2257 1008 2298 ad
1044 2270 1116 2307 se,
1150 2270 1279 2310 quae
1313 2257 1658 2298 substantiam
1686 2257 2008 2309 praedicant,

378 2334 632 2387 quaedam
675 2348 803 2387 quae
845 2335 1175 2386 distinguunt
1214 2335 1512 2387 personas3;
1560 2347 1671 2386 quae
1713 2333 1912 2375 dicuntur
1954 2334 2009 2375 acl

378 2425 437 2461 se,
472 2414 513 2453 et
546 2412 834 2453 substantiam
868 2412 1133 2464 praedicant,
1176 2412 1285 2453 sicut
1317 2411 1605 2464 omnipotens,
1639 2410 1912 2464 principium;
1959 2425 2010 2453 ea

379 2502 495 2539 vero,
523 2502 635 2542 quae
661 2478 775 2530 solas
801 2502 1009 2541 personas
1036 2489 1317 2541 distinguunt,
1350 2489 1473 2530 sicuti
1500 2489 1641 2539 Pater,
1669 2489 1811 2538 Filius,
1840 2502 2009 2539 munus,

381 2566 558 2607 donum.
631 2566 692 2607 Ea
730 2579 832 2607 vero
875 2579 987 2619 quae
1028 2566 1229 2607 dicuntur
1270 2565 1325 2607 ad
1363 2579 1408 2607 se
1447 2568 1489 2606 et
1520 2565 1806 2607 substantiam
1841 2566 2012 2618 praedi-

327 2658 360 2684 30
382 2646 492 2693 cant,
544 2643 744 2684 dicuntur
787 2643 840 2685 de
885 2643 1060 2695 singulis
1104 2644 1299 2696 personis
1344 2646 1385 2684 et
1434 2643 1705 2694 singulariter
1745 2643 1786 2683 in
1825 2656 2009 2693 summa,

383 2723 555 2773 praeter
582 2721 662 2762 hoc
684 2733 844 2762 nomen
866 2725 1093 2773 ,persona‘.
1148 2720 1274 2762 Verbi
1297 2720 1452 2772 gratia:
1488 2720 1615 2762 Pater
1636 2722 1701 2761 est
1722 2720 2009 2773 omnipotens,

527 2848 565 2881 11
595 2850 651 2881 est
676 2859 741 2883 om.
768 2849 811 2881 B.
930 2846 1086 2887 concedi]
1116 2846 1229 2891 accipi
1259 2848 1297 2880 Β.
1422 2845 1560 2880 13-14
1592 2844 1661 2879 aIia
1683 2871 1690 2879 .
1713 2872 1719 2879 .
1743 2873 1750 2879 .
1771 2845 1879 2879 habet
1905 2846 2008 2880 finem

382 2918 446 2942 om.
475 2908 518 2942 Β.
689 2906 730 2939 15
767 2917 787 2939 a.
812 2908 915 2950 patre
941 2908 1080 2939 tantum
1108 2907 1151 2941 Β.
1303 2905 1347 2939 20
1385 2907 1492 2939 natus
1518 2907 1573 2939 est
1594 2933 1601 2940 .
1624 2933 1629 2938 .
1653 2931 1658 2938 .
1682 2904 1849 2938 dixerunt
1875 2917 1938 2939 om.
1966 2908 2009 2941 A.

383 2966 428 2999 24
454 2966 551 3007 item]
580 2967 764 3009 praeterea
791 2967 834 2999 B.
941 2965 985 2999 25
1011 2964 1114 3009 quae]
1142 2964 1279 2999 scilicet
1305 2967 1347 3001 Β.
1445 2964 1490 2998 28
1513 2964 1608 2998 solas
1634 2976 1699 2998 om.
1727 2965 1769 2999 B.

530 3079 538 3097 ¹
565 3081 626 3113 SS.
653 3079 679 3119 I,
703 3079 721 3112 7
749 3079 807 3119 (54
824 3078 887 3121 Β);
915 3078 1028 3112 Petr.
1056 3078 1192 3112 Lomb.
1222 3080 1315 3113 sent.
1342 3078 1363 3112 l.
1391 3078 1417 3112 I.
1445 3077 1476 3111 d.
1504 3078 1534 3111 9.
1563 3089 1591 3111 c.
1619 3078 1650 3111 4.

528 3137 539 3155 ²
566 3139 609 3175 cf.
639 3149 747 3182 supra
771 3150 804 3183 p.
836 3136 926 3172 165*
954 3149 986 3172 V.
1014 3137 1070 3172 31.
1217 3137 1229 3155 3
1254 3139 1316 3172 SS.
1343 3137 1369 3179 I,
1394 3137 1411 3171 7
1441 3137 1497 3179 (52
1511 3137 1570 3180 D);
1601 3136 1626 3178 l,
1649 3137 1668 3171 9
1696 3137 1754 3177 (55
1770 3137 1822 3180 Β).
