2106 3453
491 233 681 270 Tractatus
709 233 769 269 VI.
819 233 870 270 De
899 235 1087 271 divinitate
1115 240 1150 271 et
1176 235 1361 272 Trinitate.
1656 236 1747 273 161*

112 341 154 380 et
185 338 300 380 Deus
334 341 447 380 sunt.
511 340 616 380 Item
653 340 685 380 si
720 343 820 382 sunt
852 340 892 381 in
919 341 1020 390 Deo,
1055 342 1167 382 Deus
1200 344 1312 392 sunt,
1348 342 1448 394 quia
1481 343 1536 384 ab
1569 345 1746 385 aeterno

111 418 223 465 sunt,
268 418 308 456 et
353 416 455 456 nihil
497 417 552 458 ab
596 419 772 458 aeterno
814 418 927 470 quod
958 429 1048 458 'non
1083 419 1136 458 sit
1169 420 1295 460 Deus.
1360 419 1468 470 Ergo
1503 420 1536 460 si
1570 422 1669 460 sunt
1704 421 1744 462 in

112 491 213 540 Deo,
247 491 360 532 Deus
394 494 507 533 sunt.
572 492 656 533 Sed
689 493 911 545 probatur,
947 494 1061 546 quod
1090 507 1175 535 non
1210 497 1309 535 sunt
1336 494 1463 545 Deus,
1499 496 1600 548 quia
1626 497 1743 537 nulla

108 567 351 620 proprietas
398 572 460 608 est
505 568 573 608 ille
621 568 741 609 cuius
787 572 850 610 est
893 570 1149 622 proprietas,
1238 571 1348 621 Ergo
1394 572 1634 623 paternitas
1679 573 1745 613 vel

110 643 258 684 filiatio
300 657 383 683 non
428 647 540 685 sunt.
605 644 728 686 Item
764 645 867 686 nihil
902 648 964 686 est
998 646 1098 686 illud
1134 660 1209 699 per
1241 648 1354 699 quod
1391 648 1571 700 quisque
1605 649 1743 690 differt

109 719 164 760 ab
197 719 345 760 altero.
411 720 495 761 Sed
537 721 798 773 paternitate
841 722 981 762 differt
1014 722 1142 763 Pater
1175 736 1199 763 a
1236 723 1337 763 Filio
1381 727 1422 764 et
1455 724 1584 765 Filius
1617 739 1746 776 gene-

110 795 276 836 ratione
310 809 333 836 a
368 796 508 838 Patre.
572 797 704 848 Igitur
737 811 821 838 non
857 800 957 838 sunt
990 798 1117 839 Deus.

251 871 473 913 Solutio:
522 873 611 913 Hie
651 873 842 914 diversi
883 870 1095 915 diversa
1127 875 1369 916 sentiunt.
1433 876 1646 926 Quidam
1687 877 1745 918 sic

110 947 369 989 concedunt:
425 948 668 990 Paternitas
720 952 783 990 est
828 950 867 990 in
916 950 1058 999 Patre,
1111 951 1151 991 id
1198 953 1279 992 est:
1327 952 1454 993 Pater
1499 955 1561 993 est
1596 953 1742 1002 Pater;

110 1024 348 1076 paternitas
382 1027 446 1065 est
479 1025 518 1065 in
548 1025 650 1072 Deo,
685 1025 726 1066 id
762 1029 843 1066 est:
878 1026 1009 1067 Pater
1042 1029 1105 1068 est
1131 1026 1258 1068 Deus.
1316 1027 1399 1069 Sed
1428 1029 1625 1071 absolute
1657 1043 1743 1071 non

109 1101 366 1141 concedunt:
415 1101 658 1142 Paternitas
701 1104 764 1142 est
798 1102 927 1144 Pater
960 1103 1023 1144 vel
1060 1104 1185 1144 Deus.
1248 1104 1354 1145 Tale
1397 1106 1460 1145 est
1501 1105 1581 1146 hoc
1616 1106 1743 1158 quale

107 1176 230 1217 illud:
278 1177 487 1218 Divinitas
520 1180 584 1217 est
616 1177 659 1217 in
693 1178 794 1227 Deo,
838 1178 879 1218 id
913 1181 995 1219 est:
1032 1179 1145 1220 Deus
1179 1182 1242 1221 est
1276 1181 1401 1222 Deus.
1466 1181 1534 1222 Sic
1568 1184 1609 1222 et
1641 1195 1742 1223 usu-

106 1252 228 1293 aliter
260 1253 448 1293 solemus
481 1253 639 1294 dicere:
675 1254 820 1294 Bonus
854 1254 1030 1295 clericus
1064 1258 1127 1297 est
1159 1256 1201 1296 in
1234 1256 1330 1307 isto,
1374 1256 1435 1305 id.
1450 1259 1531 1298 est:
1567 1258 1645 1299 iste
1679 1261 1742 1299 est

106 1328 246 1369 bonus
279 1329 471 1369 clericus.

249 1405 380 1445 ΑΙίἰ1
414 1405 561 1446 cliount
593 1406 840 1447 nullatenus
873 1407 1161 1460 proprietates
1195 1422 1287 1450 esse
1314 1409 1355 1449 in
1394 1410 1604 1462 personis.
1657 1410 1740 1451 Sed

108 1481 139 1520 si
182 1484 428 1533 opponatur
472 1481 524 1522 cle
569 1482 829 1524 auctoritate
877 1496 962 1536 qua
1002 1484 1173 1525 dicitur:
1230 1485 1281 1525 Et
1322 1485 1363 1526 in
1408 1486 1604 1538 personis
1643 1500 1741 1538 pro-

107 1557 267 1609 prietas
314 1560 407 1608 etc.,
453 1559 512 1599 sic
552 1558 860 1601 determinant:
909 1560 954 1601 In
989 1561 1184 1612 personis
1229 1561 1529 1614 proprietates,
1577 1563 1615 1603 id
1658 1565 1738 1604 est:

108 1646 317 1686 personae
371 1637 472 1674 sunt
516 1635 756 1686 distinctae,
799 1636 914 1688 quod
960 1650 1046 1677 una
1096 1650 1183 1678 non
1230 1641 1294 1679 est
1338 1638 1435 1680 alia.
1507 1639 1552 1680 Si
1596 1642 1739 1681 autem

109 1713 354 1763 opponatur
398 1711 451 1752 de
496 1711 754 1752 auctoritate
792 1712 881 1753 illa:
937 1713 1149 1766 Quicquid
1190 1714 1231 1754 in
1266 1715 1353 1755 Deo
1387 1717 1465 1766 est,
1510 1715 1624 1757 Deus
1663 1720 1739 1766 est,

105 1799 181 1839 per
214 1788 498 1828 remotionem
533 1788 692 1829 dictum
729 1791 792 1831 est
826 1792 867 1830 et
899 1789 956 1831 ita
990 1789 1255 1841 intelligitur:
1293 1791 1395 1832 nihil
1434 1805 1527 1834 esse
1560 1793 1601 1834 in
1636 1794 1737 1835 Deo.
1761 1800 1776 1825 ‘2

248 1863 379 1904 Alii‘2
413 1864 559 1905 dieunt
591 1864 878 1918 proprietates
912 1866 1093 1907 adesse
1126 1867 1321 1919 personis
1356 1870 1396 1908 et
1423 1881 1519 1909 non
1553 1868 1737 1911 inesse.

104 1940 171 1980 Ad
206 1940 322 1992 quod
355 1940 716 1981 considerandum
744 1941 827 1995 tria
855 1942 1121 1983 attendenda
1148 1945 1261 1993 sunt,
1296 1944 1455 1985 scilicet
1481 1945 1738 1994 substantia,

104 2016 395 2067 subsistentia,
429 2017 687 2058 assistentia.
741 2017 997 2059 Substantia
1022 2032 1124 2059 vero
1153 2022 1194 2060 et
1227 2019 1505 2061 subsistentia
1532 2020 1573 2061 in
1602 2021 1738 2062 tribus

103 2093 465 2145 praedicamentis
499 2093 752 2144 consistunt,
794 2094 952 2135 scilieet
995 2094 1035 2135 in
1068 2095 1419 2148 praedicamento
1454 2097 1737 2148 substantiae,

104 2169 323 2221 qualitatis
362 2174 404 2210 et
445 2170 712 2223 quantitatis,
760 2173 800 2211 et
839 2170 1040 2212 dicuntur
1077 2171 1215 2213 inesse
1248 2171 1335 2213 suis
1375 2173 1590 2223 subiectis,
1637 2174 1737 2226 quia

103 2245 336 2287 informant
365 2259 416 2287 ea
449 2245 490 2286 in
518 2247 674 2299 quibus
702 2250 814 2297 sunt,
849 2249 896 2288 ut
929 2248 1207 2300 corporeitas,
1242 2249 1410 2299 albedo,
1445 2249 1569 2298 linea,
1603 2250 1736 2290 trian-

103 2321 278 2373 gulatio.
331 2306 485 2363 Cetera
510 2336 621 2373 vero,
657 2336 769 2375 quae
801 2326 901 2364 sunt
933 2324 1116 2365 aliorum
1150 2325 1515 2377 praedicamenta,-
1551 2326 1736 2366 exterius

104 2397 232 2439 affixa
265 2400 378 2447 sunt,
420 2400 571 2451 utpote
604 2399 658 2439 ad
692 2399 852 2452 aliquid
886 2399 1013 2440 situm
1049 2398 1142 2442 esse
1176 2403 1217 2443 et
1248 2401 1321 2442 ubi
1355 2404 1432 2442 etc.
1497 2401 1597 2442 Ideo
1638 2415 1733 2442 cum

104 2473 217 2515 dico:
251 2474 496 2517 Paternitas
530 2477 594 2516 est
626 2476 667 2516 in
701 2475 844 2526 Patre,
878 2476 920 2517 id
954 2479 1034 2518 est:
1070 2477 1200 2518 Pater
1231 2477 1362 2519 habet
1396 2477 1561 2518 Filium.

247 2607 336 2641 1—3
365 2607 634 2643 Item...Deus
660 2609 744 2641 sunt
770 2620 834 2642 om.
856 2611 899 2643 A.
1023 2609 1043 2643 3
1071 2609 1163 2653 quod
1190 2610 1264 2643 sint
1290 2609 1385 2643 Deus
1412 2611 1455 2644 B.
1580 2610 1617 2643 11
1648 2609 1733 2643 Tale

103 2666 170 2707 est]
198 2667 253 2699 est
278 2677 344 2700 om.
372 2668 413 2700 Β.
491 2666 532 2700 18
560 2669 615 2701 est
640 2679 705 2701 om.
733 2669 775 2701 A.
850 2668 895 2701 20
922 2668 1054 2702 dietum
1083 2671 1139 2702 θεῖ
1165 2670 1201 2702 θῖ
1227 2669 1277 2702 ita
1303 2680 1368 2703 om.
1396 2668 1435 2702 B.
1516 2668 1561 2702 29
1588 2669 1661 2702 dixi
1690 2671 1734 2702 B.

246 2780 256 2797 ¹
283 2780 328 2814 cf.
355 2781 417 2816 SS.
444 2780 469 2821 I,
494 2780 533 2814 11
557 2780 612 2822 (59
629 2780 689 2823 A),
717 2780 854 2817 Lomb.
876 2783 970 2816 Sem.
997 2781 1035 2817 L.
1056 2782 1081 2816 I.
1110 2782 1142 2818 d.
1163 2782 1219 2817 32.
1246 2783 1333 2823 c.1;
1362 2782 1468 2825 Mag.
1490 2782 1736 2823 Rolandus,

101 2851 133 2884 p.
162 2840 217 2875 20.
268 2839 507 2874 Gualterus
534 2839 583 2873 de
610 2839 896 2883 Mauritania,
927 2843 977 2875 Dc
1007 2843 1136 2875 Trinit.
1165 2853 1193 2875 0.
1221 2841 1300 2876 XII.
1352 2841 1450 2881 Pez,
1484 2843 1583 2876 Thes.
1612 2844 1732 2875 anecd.

102 2901 126 2932 t.
155 2899 198 2933 Π.
225 2910 258 2943 p.
285 2899 329 2933 ΙΙ.
356 2911 389 2943 p.
418 2899 472 2934 70.
522 2899 567 2932 cf.
595 2910 704 2943 supra
729 2910 762 2943 p.
792 2900 845 2933 14.

246 2963 258 2981 ‘²
283 2965 328 2998 of.
355 2963 631 3008 propositionem
656 2964 801 2997 tertiam
829 2964 1062 2998 confessionis
1096 2964 1178 2998 fidei
1204 2965 1238 2998 in
1275 2965 1464 2999 concilio
1492 2965 1732 3000 Rhemensi

102 3023 321 3068 propositae?
353 3050 359 3057 .
381 3052 388 3059 .
410 3050 417 3057 .
438 3035 502 3057 nec
528 3023 668 3067 aliquas
694 3024 834 3057 omnino
862 3017 1054 3058 relationes
1081 3024 1207 3058 adesse
1232 3024 1317 3057 Deo.
1369 3025 1508 3060 Lomb.
1536 3028 1628 3059 Sent.
1657 3026 1678 3060 1.
1709 3027 1733 3060 1.

102 3082 133 3116 d.
161 3082 216 3116 33.
244 3094 272 3116 c.
302 3083 331 3116 7.
383 3082 428 3117 cf.
456 3093 563 3127 supra.
588 3094 621 3126 p.
652 3083 704 3115 14.
741 3068 744 3077 ¹

173 3158 345 3190 Beitriige
366 3158 426 3188 V1I,
445 3159 523 3183 2-3.
562 3158 691 3189 Geyer,
711 3158 788 3182 Sent.
810 3158 922 3183 divinit.
1578 3148 1590 3188 l

1766 660 1780 683 5

1767 1036 1798 1061 10

1764 1416 1795 1440 15

1758 2184 1792 2208 25
