2106 3453
313 1039 344 1063 10

312 1796 346 1820 ΞΟ

312 2618 346 2642 30

365 230 457 266 128*
958 229 1164 265 Sententiae
1193 230 1404 265 divinitatis.

363 336 695 377 auctoritatibus
728 335 962 388 opponitur
994 335 1075 376 hoc
1102 335 1251 376 modo:
1287 335 1393 376 Cum
1423 335 1465 375 in
1493 338 1765 377 sacramento
1792 336 1996 388 baptismi

363 411 510 452 omnia
543 414 720 463 peccata
754 411 1039 461 dimittantur,
1081 424 1166 451 non
1208 410 1377 452 videtur
1410 424 1572 461 verum,
1615 412 1733 463 quod
1767 412 1863 452 illae
1896 426 1996 453 auc-

363 487 559 528 toritates
592 487 792 528 videntur
834 487 987 528 dicere.
1051 487 1307 538 Loquuntur
1351 487 1462 527 enim
1506 487 1547 527 in
1590 500 1692 528 casu
1735 487 1787 527 de
1826 488 1995 536 adultis,

364 563 436 615 qui
470 563 560 604 sine
594 563 674 604 hoc
715 565 988 604 sacramento
1029 563 1183 603 salvari
1223 575 1309 603 non
1347 565 1542 615 possunt,
1586 562 1619 603 si
1659 577 1709 603 ex
1748 565 1997 615 contemptu

364 639 431 680 vel
476 639 733 690 negligentia
776 639 1027 679 dimittetur.
1091 638 1218 679 Pueri
1264 651 1364 678 vero
1402 638 1498 680 ideo
1541 638 1768 690 accipiunt,
1812 641 1860 679 ut
1900 652 1996 679 cum

363 715 557 755 venerint
603 715 659 756 ad
704 717 892 755 aetatem
938 714 1186 766 perfectam,
1233 714 1362 755 fortes
1403 714 1677 755 inveniantur
1714 714 1768 755 ad
1807 727 1997 767 pugnam

364 794 515 831 contra
548 791 687 842 ipsum
721 790 954 830 diabolum.

506 867 651 907 Modo
685 866 969 915 videamus,
1013 870 1181 907 utrum
1224 867 1289 906 sit
1322 865 1528 916 dignius
1572 866 1844 917 baptismo.
1908 867 1998 907 Sci—

365 943 523 984 endum
560 946 635 992 est,
680 942 795 995 quod
830 945 1148 984 sacramentum
1190 941 1393 994 baptismi
1427 942 1562 993 magis
1597 942 1884 983 necessarium
1920 945 1997 993 est,

364 1020 440 1059 sed
474 1019 586 1059 istud
621 1018 775 1059 elicitur
807 1018 989 1070 dignius,
1023 1019 1228 1071 quoniam
1257 1032 1282 1058 a
1309 1018 1502 1069 digniore
1528 1031 1714 1070 persona
1743 1018 1997 1060 celebratur.

365 1095 482 1135 Sicut
515 1097 697 1146 apparet
730 1094 770 1134 in
805 1094 886 1135 hoc
919 1095 1134 1146 exemplo:
1171 1094 1323 1135 Activa
1356 1094 1444 1133 vita
1477 1096 1540 1133 est
1575 1094 1706 1144 magis
1740 1094 1998 1144 necessaria,

364 1174 509 1211 tamen
557 1170 893 1222 contemplativa
938 1170 1093 1210 dicitur
1138 1183 1230 1210 esse
1272 1169 1452 1219 dignior,
1498 1170 1701 1221 quoniam
1751 1183 1775 1209 a
1817 1169 1998 1210 Domino

364 1247 501 1296 magis
535 1249 599 1286 est
631 1246 951 1296 commendata,
994 1246 1113 1287 iuxta
1146 1245 1266 1286 illud:
1319 1245 1456 1285 Μανία
1502 1246 1693 1298 optimam
1725 1249 1883 1298 partem
1920 1248 1998 1287 etc.

365 1322 486 1376 (Lem.
524 1325 590 1372 10,
616 1322 702 1374 42).

509 1399 652 1439 Solet
697 1399 892 1451 quaeri,
946 1399 984 1438 si
1036 1398 1190 1438 ieiuni
1242 1398 1463 1439 debeant
1508 1397 1754 1438 accedere
1800 1398 1861 1438 ad
1906 1398 1999 1438 hoc

364 1477 769 1524 sacramentum,
795 1477 841 1515 et
863 1475 902 1514 si
929 1474 1155 1526 episcopi
1184 1474 1339 1513 ieiuni
1367 1474 1592 1514 debeant
1618 1473 1880 1514 celebrare
1905 1474 1999 1513 hoc

365 1553 758 1591 sacramentum.
823 1550 949 1599 Quod
991 1550 1119 1591 ieiuni
1162 1550 1350 1590 debeant
1392 1549 1598 1590 accedere
1637 1549 1691 1589 ad
1736 1549 1816 1590 hoc
1856 1562 1999 1590 sacra-

367 1629 574 1676 mentum,
610 1640 659 1667 ex
694 1626 913 1667 concilio
947 1626 1309 1667 Aurelianensi
1342 1626 1575 1666 habetur1:
1612 1625 1770 1675 ‚Adulti
1802 1638 1886 1665 non
1915 1625 1994 1666 nisi

367 1703 494 1743 ieiuni
523 1702 733 1743 accedant
756 1702 808 1742 ad
839 1704 1159 1743 sacramentum
1192 1702 1544 1751 confirmationis,
1579 1702 1717 1754 primo
1746 1701 2000 1742 confitentes

366 1780 544 1831 peccata
577 1791 668 1827 sua,
703 1778 826 1818 aliter
853 1778 964 1818 enim
992 1778 1198 1837 Spiritum
1221 1779 1419 1818 sanctum
1448 1777 1640 1829 accipere
1670 1790 1754 1817 non
1787 1779 1996 1829 possunt‘‚

366 1856 411 1894 ut
453 1854 512 1894 ait
551 1853 810 1894 Salomon:
865 1853 1051 1906 Spiritus
1095 1857 1260 1893 assuctus
1301 1853 1543 1905 disciplinae
1585 1853 1748 1906 effzcylet
1787 1852 1925 1905 fictum
1967 1856 2001 1892 et

364 1943 446 1969 own
491 1929 647 1969 habitat
693 1931 736 1969 in
786 1943 953 1983 corpore
1002 1929 1162 1969 subdito
1208 1930 1384 1982 pcccatis·
1430 1928 1548 1982 (Sap.
1586 1931 1630 1978 1,·
1664 1930 1702 1981 4,
1726 1929 1782 1981 5)
1860 1929 1910 1968 Et
1955 1928 1998 1968 in

367 2005 696 2047 Gabannensi
748 2005 1017 2046 concilio'2:
1077 2005 1289 2057 ‚Episcopi
1342 2018 1427 2045 non
1480 2005 1558 2045 nisi
1611 2005 1739 2045 ieiuni
1790 2005 1997 2057 Spiritum

365 2084 564 2123 sanctum
599 2082 792 2122 tribuant
825 2081 903 2121 nisi
941 2081 1121 2121 infirmis
1154 2084 1194 2122 et
1228 2083 1366 2121 morte
1399 2080 1770 2133 periclitantibus‘.

868 2206 945 2243 III.
985 2205 1040 2244 De
1071 2207 1318 2243 sacramento
1348 2205 1506 2243 altaris.

507 2294 630 2335 Nunc
657 2294 715 2334 de
742 2296 1065 2335 sacramento
1099 2297 1541 2335 sacramentorum
1574 2293 1807 2335 videndum
1843 2296 1918 2342 est,
1947 2294 1999 2334 de

366 2372 690 2411 sacramento
718 2370 901 2411 altaris
919 2371 945 2419 3,
974 2370 1090 2422 quod
1118 2370 1386 2422 privilegium
1418 2372 1458 2410 et
1485 2367 1704 2422 quandam
1734 2369 2000 2421 praerogati-

366 2459 464 2486 vam
488 2445 597 2486 inter
621 2447 762 2487 cetera
785 2448 1056 2487 sacramenta
1078 2446 1221 2492 habet.
1244 2445 1358 2486 unde
1374 2445 1718 2495 Eucharistia,
1740 2444 1782 2485 id.
1804 2448 1867 2485 est
1885 2445 2000 2485 bona

366 2522 519 2573 gratia,
548 2521 804 2574 appellatur,
827 2521 928 2573 quia
956 2534 1049 2562 cum
1080 2521 1121 2561 in
1149 2521 1241 2562 aliis
1269 2521 1551 2563 sacramentis
1577 2521 1668 2561 sola
1695 2521 1833 2572 gratia
1860 2521 1998 2571 detur,

367 2598 408 2637 in
449 2598 530 2638 isto
571 2610 657 2638 non
697 2597 835 2638 solum
877 2597 1028 2648 gratia,
1071 2597 1146 2638 sed
1188 2597 1319 2638 etiam
1358 2598 1484 2639 dator
1523 2597 1771 2648 gratiarum.
1847 2596 2000 2638 Sacra-

509 2713 528 2745 5
555 2712 747 2745 dimittitur
776 2713 815 2745 B.
923 2711 943 2745 8
971 2710 1161 2755 baptismo]
1188 2710 1267 2744 aliis
1294 2710 1529 2744 sacramentis
1558 2711 1588 2742 Β
1614 2722 1636 2743 α
1661 2722 1771 2743 mcmu
1796 2712 2000 2744 recentiore.

371 2771 410 2805 13
432 2771 545 2805 Maria
572 2783 635 2805 om.
664 2774 707 2804 A.
812 2770 949 2805 17—-18
984 2770 1028 2804 ad
1054 2770 1120 2805 hoc
1146 2781 1235 2805 sacr.
1263 2781 1326 2803 om.
1356 2770 1397 2803 Β.
1509 2769 1550 2803 18
1576 2768 1748 2802 habemus
1775 2781 1819 2802 ex
1846 2768 1997 2812 quodam

367 2830 532 2865 concilio:
561 2829 673 2874 primo
700 2829 873 2863 confitens
898 2833 941 2863 A.
1004 2829 1049 2863 20
1075 2828 1235 2873 possunt]
1263 2830 1382 2872 potest
1408 2830 1439 2861 A
1466 2827 1509 2872 ΡΤ)
1538 2828 1578 2862 Β.
1629 2828 1768 2862 21-22
1796 2830 1901 2862 et...
1924 2838 1999 2871 pec-

367 2889 461 2924 catis
487 2901 551 2924 om.
580 2892 621 2924 Α.
721 2889 765 2923 30
792 2888 851 2922 ille
878 2889 937 2932 qui
965 2891 1019 2922 est
1047 2888 1148 2922 dator
1173 2887 1370 2931 gratiarum
1398 2889 1439 2922 B.

511 2990 522 3008 ¹
549 2991 645 3025 Pan.
672 2992 697 3033 Ι,
728 2992 809 3032 119;
838 3003 866 3025 c.
897 2991 928 3026 6.
956 2990 998 3024 de
1025 3001 1119 3024 cons.
1148 2990 1179 3024 d.
1207 2992 1238 3023 5.

512 3050 524 3067 '·'
548 3049 646 3085 Pan.
674 3050 699 3092 I,
723 3050 807 3091 120;
835 3062 864 3086 o.
893 3051 923 3085 7.
951 3050 993 3083 de
1020 3061 1113 3085 cons,
1143 3049 1174 3084 d.
1203 3050 1234 3083 5.
1263 3048 1331 3090 ,Ex
1357 3048 1505 3082 concilio
1532 3047 1730 3082 Meldensi‘.

510 3108 523 3126 ³
548 3111 609 3143 SS.
638 3110 697 3150 VI,
716 3111 735 3143 2
764 3109 847 3153 (139
863 3109 923 3154 A);
960 3109 1100 3142 Lomb.
1125 3109 1218 3142 Seni.
1244 3107 1266 3141 l.
1294 3108 1354 3143 IV.
1382 3108 1413 3143 d.
1443 3108 1478 3149 83
1521 3107 1759 3147 Rolandus,
1784 3118 1816 3151 p.
1839 3106 1906 3140 214
1922 3117 1999 3150 sqq.
