2106 3453
317 1047 349 1071 10

319 1426 349 1451 15

314 1809 349 1834 20

319 2566 353 2591 30

374 242 463 280 110*
974 244 1179 282 Sententiae
1206 243 1418 301 divinitatis

369 363 505 391 novos
538 351 643 391 ritus
676 350 972 398 inducturum;
1020 350 1177 391 idcirco
1211 364 1263 391 ne
1295 351 1492 392 homines
1531 350 1673 392 subito
1713 364 1808 392 eum
1850 351 2005 393 abhor-

369 429 526 476 rerent,
569 427 882 468 assuefaciebat
915 439 988 467 eos
1024 427 1239 479 baptismo
1274 426 1443 468 Christi.
1506 427 1647 479 Terga
1680 430 1849 469 tantum
1885 428 2004 469 lava-

368 502 458 553 bat,
490 504 669 555 peccata
696 515 781 542 non
809 502 1065 543 dimittebat.
1124 502 1248 544 Unde
1282 502 1372 555 ipse
1405 503 1593 544 dicebat:
1630 503 1714 557 Eyo
1748 503 1909 556 baptizo
1942 517 2009 543 vos

369 592 492 632 aqua,
515 592 597 618 uon
616 579 783 631 spirim,
800 583 893 631 post
912 592 974 618 me
997 579 1121 618 vemet
1141 579 1212 633 qui
1232 582 1326 618 ante
1345 592 1406 618 me
1417 577 1555 630 factus
1569 583 1625 619 est
1647 578 1757 633 (Joh.
1778 580 1814 631 1,
1831 580 1901 631 26,
1918 579 2006 632 27),

368 655 438 708 qui
482 653 709 707 baptizabit
753 667 820 694 vos
864 655 909 693 in
953 655 1107 707 spirim
1152 657 1187 693 et
1233 654 1324 708 ique
1369 653 1535 708 (Matthf.
1577 655 1617 706 3,
1648 655 1719 708 11)
1773 658 1808 694 et
1851 654 2008 695 medius

370 734 546 769 vestrum
579 730 698 780 sfez‘it,
733 743 848 784 quem
882 742 949 769 vos
980 730 1142 769 nescitis
1176 729 1287 783 (Joh.
1324 731 1362 782 1,
1384 729 1473 783 26).
1506 748 1508 750 ·

512 805 643 846 Cuius
685 805 944 846 sacramenti
987 805 1253 846 institutio
1296 806 1338 845 in
1380 805 1504 858 aquis
1543 806 1655 847 facta
1699 806 1897 848 Jordanis
1931 809 2008 856 est,

370 882 410 922 in
457 882 614 934 quibus
659 881 867 921 Dominus
914 894 937 921 a
984 894 1107 922 servo
1161 881 1292 921 voluit
1350 881 1572 934 baptizari,
1624 885 1671 922 ut
1715 882 1838 923 nobis
1887 882 2008 923 daret

370 958 613 1010 exemplum
667 957 934 998 humilitatis.
1017 957 1380 1010 Quantocumque
1434 957 1546 998 enim
1599 958 1672 998 alti
1719 961 1760 999 et
1810 960 2009 1010 potentes

370 1033 589 1083 fuerimus,
636 1046 721 1073 non
765 1033 1048 1084 dedignemur
1087 1034 1142 1074 ab
1186 1033 1456 1074 inferioribus
1501 1033 1724 1085 baptizari.
1796 1034 1869 1074 Vel
1912 1034 2007 1074 ideo

370 1109 411 1149 in
446 1110 568 1161 aquis
607 1108 685 1149 illis
728 1109 863 1149 voluit
896 1108 1119 1161 baptizari,
1164 1112 1210 1149 ut
1251 1112 1369 1150 tactu
1404 1123 1507 1150 suae
1540 1109 1678 1151 carnis
1711 1110 2009 1151 sanctissimae

370 1197 507 1236 aquas
552 1184 755 1236 baptismi
800 1184 1103 1233 sanctificaret,
1150 1186 1195 1225 ut
1240 1184 1485 1237 quicunque
1539 1185 1578 1224 in
1620 1198 1670 1225 ea
1703 1184 2007 1237 baptizaretur,

370 1260 664 1300 remissionem
711 1260 926 1311 acciperet
975 1262 1266 1312 peccatorum.
1343 1260 1482 1310 Quam
1535 1260 1831 1301 remissionem
1878 1261 2008 1301 totius

370 1336 593 1377 Trinitatis
639 1336 946 1389 cooperatione
988 1336 1306 1389 consequimur,
1359 1349 1470 1388 quae
1516 1336 1746 1377 inChristi
1793 1337 2008 1389 baptismo

371 1411 499 1452 fuisse
532 1412 755 1463 probatur.
819 1411 948 1452 Filius
989 1424 1178 1464 namque
1219 1412 1297 1452 fuit
1329 1412 1371 1452 in
1414 1411 1601 1461 homine,
1647 1412 1776 1452 Pater
1808 1412 1849 1452 in
1882 1425 2005 1453 voce:

371 1487 452 1527 Hic
489 1492 545 1528 est
580 1487 694 1540 filius
732 1501 843 1528 meus
885 1488 1054 1527 dilectus
1087 1490 1164 1530 etc.
1201 1487 1366 1541 (Matth.
1403 1489 1442 1539 3,
1469 1488 1559 1541 17);
1607 1488 1789 1540 Spiritus
1834 1490 2009 1530 sanctus

371 1563 411 1604 in
446 1563 658 1605 columba.

513 1639 680 1682 Causa
731 1640 1082 1680 institutionis
1134 1642 1197 1680 est
1247 1640 1441 1680 remissio
1494 1642 1784 1692 peccatorum,
1838 1640 2007 1682 etiamsi

370 1716 559 1757 fraterno
588 1716 686 1756 odio
714 1716 809 1768 quis
836 1716 1028 1765 accedat,
1062 1718 1109 1756 ut
1141 1716 1201 1756 ait
1229 1716 1550 1766 Augustinus
1569 1716 1601 1756 l:
1638 1715 1747 1765 ,Non
1776 1715 2008 1768 impeditur

369 1792 507 1844 gratia
541 1792 741 1844 baptismi
774 1792 828 1833 ad
858 1792 1151 1832 remissionem
1181 1794 1471 1844 peccatorum,
1511 1792 1679 1832 etiamsi
1707 1792 1803 1832 ficte
1841 1794 1881 1832 et
1907 1805 2002 1832 cum

372 1869 558 1909 fraterno
598 1868 697 1908 odio
737 1868 832 1920 quis
872 1868 1126 1909 accesserit‘.
1191 1867 1549 1909 Subaudiendum
1595 1870 1677 1909 est:
1724 1867 1768 1908 Si
1801 1868 1915 1908 fictio
1955 1867 2008 1908 de

371 1944 499 1984 corde
532 1943 768 1985 recesserit.
832 1943 915 1984 Alii
949 1943 1109 1993 dicunt,
1143 1943 1257 1995 quod
1293 1945 1456 1983 rectum
1491 1946 1568 1984 est.

513 2019 654 2060 Solet
682 2019 878 2071 quaeri,
913 2032 1070 2071 quare
1103 2018 1431 2059 circumcisio
1466 2021 1514 2060 et
1546 2019 1646 2060 alia
1673 2021 2003 2060 sacramenta

372 2095 572 2137 Veteris
623 2095 944 2136 Testamenti
997 2094 1280 2136 cessaverit
1331 2095 1642 2136 adveniente
1694 2094 2005 2147 baptismo'2;

317 2189 332 2213 ‘2
371 2171 485 2224 quia,
532 2174 578 2212 ut
622 2171 722 2211 dicit
768 2170 1068 2223 Apostolus,
1120 2171 1258 2210 omnia
1304 2171 1347 2210 m
1389 2169 1527 2223 siqui-a
1567 2169 1848 2224 continyebant
1893 2170 2007 2209 illius

372 2247 426 2301 (I.
465 2247 558 2288 Cor.
595 2248 662 2299 10,
687 2247 745 2300 (j),
792 2249 834 2287 et
878 2247 1024 2287 omnia
1067 2249 1190 2287 erant
1231 2245 1354 2299 quasi
1397 2246 1527 2287 verba
1570 2245 1865 2298 promittentia
1898 2246 2006 2286 veri-

371 2326 520 2365 tatem.
575 2322 697 2373 Quae
729 2325 964 2375 postquam
999 2322 1129 2372 venit,
1163 2323 1311 2363 debuit
1343 2335 1511 2364 cessare
1545 2321 1711 2363 umbra.
1770 2321 2005 2374 Postquam

373 2400 488 2441 venit
532 2399 807 2451 promissum,
859 2399 1102 2440 debuerunt
1147 2411 1315 2439 cessare
1360 2397 1669 2450 promittentia,
1721 2397 1840 2438 iuxta
1884 2397 2004 2438 illud:

374 2476 458 2516 Lex
491 2477 532 2516 et
566 2475 803 2527 prophetae
836 2487 973 2527 usque
1006 2474 1061 2516 ad
1095 2474 1326 2524 Christum,
1361 2473 1516 2515 deinde
1549 2474 1686 2525 gratia
1719 2473 1827 2513 Novi
1855 2473 2006 2514 Testa-

372 2551 506 2592 menti
550 2550 766 2592 successit.
841 2550 1118 2591 Circumcisio
1169 2562 1359 2602 namque
1409 2549 1672 2602 baptismum
1725 2548 2005 2600 significabat.

373 2627 491 2668 Sicut
536 2626 647 2668 enim
694 2626 735 2667 in
780 2626 1103 2667 circumcisione
1147 2625 1423 2666 auferebatur
1462 2625 1659 2677 pellicuia
1700 2624 1770 2665 illa
1810 2624 2006 2674 exterior,

372 2703 617 2754 significans
652 2716 796 2744 veram
831 2701 971 2743 cordis
1005 2701 1386 2751 circumcisionem,
1428 2700 1486 2741 ita
1518 2700 1561 2741 in
1594 2702 1866 2742 sacramento
1900 2700 2006 2752 bap-

517 2879 537 2912 6
556 2879 729 2920 vestrum]
750 2880 909 2912 nostrum
926 2878 967 2911 Β.
1023 2878 1061 2911 11
1085 2876 1347 2918 sanctissimae]
1368 2876 1624 2910 mundissimae
1640 2877 1682 2912 Β.
1783 2875 1918 2910 19-21
1941 2875 2008 2909 fra-

375 2937 488 2981 terno]
515 2949 667 2982 superno
684 2941 726 2974 A.
824 2938 867 2971 27
894 2937 1032 2979 umbra]
1060 2936 1206 2971 verbum
1230 2937 1271 2971 Β.
1369 2936 1410 2969 31
1440 2935 1669 2969 auferebatur
1694 2947 1758 2969 om.
1780 2939 1821 2968 A.

519 3063 528 3080 ¹
557 3062 594 3097 C.
621 3063 677 3096 41.
704 3062 725 3104 ξ
752 3062 783 3096 6.
811 3062 853 3095 de
879 3073 974 3096 cons.
1003 3061 1034 3096 d.
1061 3062 1094 3095 4.

517 3122 529 3139 '²
554 3123 616 3156 SS.
646 3122 687 3162 V,
714 3122 745 3156 2.
773 3121 855 3161 (128
872 3121 931 3164 Β);
960 3121 1097 3156 Lomb.
1125 3122 1218 3155 δοκι.
1246 3120 1267 3154 1.
1298 3119 1356 3154 lV.
1384 3119 1414 3153 d.
1447 3120 1475 3153 1.
1502 3130 1535 3163 p.
1563 3119 1589 3153 Ι.
