2106 3453
278 1049 309 1074 10

328 230 373 268 82
382 228 398 250 ’⁸‘
920 229 1127 269 Sententiae
1154 229 1366 269 divinitatis.

328 338 529 379 voluntas
561 336 817 379 damnabilis
851 340 928 388 est,
971 351 1056 379 non
1101 340 1164 380 est
1196 338 1254 380 ita
1288 337 1625 390 intelligendum,
1671 337 1788 392 quod
1832 340 1954 382 actus

330 428 380 455 ex
413 414 637 456 voluntate
669 414 927 466 proveniens
966 428 1053 455 non
1094 416 1312 456 mereatur
1352 414 1418 455 vel
1460 414 1718 456 damnabilis
1759 429 1844 456 non
1888 416 1954 466 sit,

330 491 404 532 sed
437 490 683 531 huiusmodi
719 503 920 531 excessus
954 491 1217 531 locutionum
1251 491 1361 531 fiunt
1401 503 1465 540 eO,
1509 491 1624 543 quod
1667 491 1805 533 maior
1846 492 1955 533 ratio

328 567 553 619 maiorque
586 580 717 608 causa
750 566 942 607 merendi
976 567 1287 608 beatitudinem
1321 566 1388 608 vel
1420 579 1606 619 poenam
1641 569 1704 608 est
1738 567 1778 608 in
1806 568 1957 609 volun-

329 645 418 684 tate
451 656 581 696 quam
617 643 658 683 in
691 643 776 685 alia
808 656 867 684 re.

472 720 524 760 Et
564 721 683 769 nota,
727 719 843 771 quod
885 718 1080 759 Christus
1124 718 1278 759 dicitur
1319 717 1473 759 mereri
1517 731 1603 759 non
1646 721 1856 772 quantum
1902 720 1957 760 ad

332 799 481 847 Deum,
515 795 590 837 sed
623 799 835 848 quantum
868 795 923 836 ad
956 808 1048 846 nos,
1092 796 1193 848 quia
1234 796 1379 847 passio
1423 795 1512 837 eius
1555 798 1618 836 est
1662 809 1792 838 causa
1834 796 1958 837 nobis

330 873 606 925 intelligendi,
639 873 755 925 quod
789 873 942 914 merito
976 875 1018 913 et
1050 875 1165 914 recte
1197 872 1464 925 glorificavit.

471 952 512 992 4.
558 951 684 991 Item
736 950 1020 1003 quaeritur,
1091 950 1131 990 si
1181 950 1422 991 Christus
1485 951 1765 991 secundum
1824 951 1958 1003 quod

330 1030 477 1071 homo
517 1028 594 1069 vel
634 1026 804 1068 anima
830 1026 1024 1068 Christi
1051 1027 1233 1068 habuit
1259 1026 1637 1079 plenitudinem
1666 1028 1957 1070 scientiae1.

334 1107 510 1148 Videtur
542 1117 734 1146 asserere
766 1105 1001 1145 auctoritas
1035 1104 1118 1154 illa,
1153 1117 1265 1156 quae
1298 1104 1416 1145 dicit:
1459 1104 1514 1144 In
1554 1105 1644 1157 ipso
1684 1109 1781 1145 suom}
1824 1118 1960 1145 omnes

331 1184 513 1224 thesauri
550 1183 776 1236 sapientiae
816 1184 894 1223 etc.
938 1181 1045 1235 (Col.
1078 1183 1118 1233 2,
1135 1180 1194 1234 3)
1258 1181 1312 1221 In
1352 1182 1450 1235 ‘ipso'
1475 1181 1689 1234 plenitudo
1729 1181 1961 1223 divinitatis

331 1264 408 1302 etc.
444 1260 550 1314 (Col.
585 1259 699 1313 279).
763 1259 814 1299 Et
847 1259 967 1300 item:
1008 1259 1098 1299 Aba·
1130 1259 1335 1311 recipiunt
1377 1259 1573 1311 spiritum
1614 1258 1669 1298 ad
1709 1272 1958 1312 mensuram,

329 1339 414 1391 ipse
445 1351 538 1377 vero
575 1338 662 1377 sine
699 1349 894 1376 mensura
939 1335 1007 1390 (cf.
1041 1336 1134 1377 ιῙΟΙι.
1168 1335 1312 1389 3,.34),
1376 1336 1504 1376 Item:
1552 1336 1764 1388 Quicquid
1811 1336 1960 1377 habuit

295 1434 310 1458 5
331 1415 460 1456 Filius
493 1414 569 1456 Dei
602 1427 679 1466 per
711 1416 927 1463 naturam,
962 1413 1113 1454 habuit
1147 1413 1276 1453 homo
1310 1413 1377 1453 ille
1410 1426 1486 1465 per
1518 1412 1714 1464 gratiam.

472 1492 541 1533 Sic
574 1492 700 1543 igitur
732 1491 1043 1544 plenitudinem
1087 1491 1290 1531 scientiae
1333 1490 1478 1532 anima
1522 1490 1678 1531 Christi
1723 1491 1961 1544 suscepisse

303 1570 500 1611 ⁴videtur
545 1572 587 1611 et
630 1571 801 1610 tantum
846 1569 988 1618 scisse,
1044 1570 1255 1621 quantum
1304 1568 1417 1609 Deus
1462 1568 1602 1610 Pater.
1680 1568 1765 1609 Sed
1810 1571 1961 1610 contra

280 2596 314 2621 30

330 1647 438 1688 haec
470 1646 705 1688 auctoritas
737 1646 808 1687 illa
841 1646 1044 1687 occurrit:
1081 1645 1220 1695 ,Nulla
1254 1647 1452 1687 creatura
1485 1648 1698 1698 aequatur
1729 1659 1807 1687 suo
1841 1660 1961 1688 crea-

331 1724 413 1765 tori
447 1724 488 1764 in
521 1724 679 1777 aliquo‘
699 1726 726 1764 2.

473 1802 541 1842 Ad
573 1801 654 1842 hoc
687 1800 866 1842 dicimus
898 1800 1090 1842 animam
1125 1800 1281 1841 Christi
1313 1800 1625 1852 plenitudinem
1652 1800 1856 1842 scientiae
1882 1801 1959 1842 ha-

330 1880 444 1929 bere,
479 1891 565 1919 non
592 1881 739 1919 tamen
766 1877 883 1919 Patri
911 1878 952 1918 in
981 1891 1031 1919 ea
1058 1877 1307 1930 adaequari,
1335 1877 1541 1930 quoniam
1568 1878 1790 1930 plenitudo
1819 1878 1957 1919 scien-

331 1957 417 1998 tiae
450 1956 491 1997 in
518 1956 688 1997 duobus
715 1955 922 2005 consistit,
956 1955 1160 1997 scitorum
1189 1955 1467 1996 universitate
1494 1958 1535 1996 et
1561 1955 1836 2008 aequalitatis
1862 1969 1961 2009 per-

332 2034 526 2076 fectione.
602 2035 724 2075 quta
768 2033 955 2085 primum
1000 2032 1178 2073 modum
1224 2032 1398 2085 plenam
1449 2032 1673 2074 scientiam
1721 2032 1872 2074 habuit
1919 2035 1961 2074 et

333 2111 462 2152 habet
499 2110 644 2152 anima
689 2110 860 2161 Christi,
904 2109 1005 2162 quia
1047 2110 1125 2150 scit
1168 2122 1452 2163 quaecunque
1495 2112 1537 2150 et
1578 2110 1734 2162 quibus
1778 2112 1878 2150 sunt
1920 2112 1962 2150 et

278 2211 293 2235 2
332 2201 465 2241 quare
496 2186 596 2228 sunt
629 2189 670 2228 et
702 2200 814 2240 quae
847 2200 934 2228 non
967 2190 1067 2228 sunt
1100 2190 1142 2227 et
1174 2200 1308 2239 quare
1341 2200 1426 2228 non
1470 2190 1581 2228 sunt.
1646 2187 1767 2229 Illam
1810 2189 1959 2229 autem

332 2265 643 2318 plenitudinem
669 2265 885 2315 scientiae,
920 2278 1031 2317 quae
1059 2267 1123 2306 est
1149 2263 1436 2316 aequalitatis,
1466 2277 1552 2305 non
1580 2264 1725 2314 habet,
1754 2263 1960 2317 quoniam

333 2342 824 2385 consubstantialitatem
867 2355 952 2382 non
995 2341 1127 2383 habet
1168 2354 1345 2383 munere
1387 2341 1430 2382 in
1475 2341 1744 2391 aeternitate,
1789 2341 1865 2382 sed
1912 2355 1962 2382 ex

332 2423 539 2472 tempore.
601 2419 731 2461 Plene
765 2419 876 2460 enim
910 2419 1071 2461 habere
1104 2419 1270 2470 dicitur,
1311 2419 1383 2471 qui
1415 2418 1536 2460 alteri
1572 2432 1659 2459 non
1686 2418 1814 2459 debet
1847 2418 1963 2470 quod

333 2497 477 2538 habet.
541 2496 669 2547 Quod
701 2499 848 2538 autem
883 2497 1047 2548 accepit
1075 2500 1116 2538 et
1143 2497 1265 2538 alteri
1292 2510 1418 2538 suum
1446 2497 1606 2538 habere
1633 2496 1774 2547 debet,
1809 2499 1850 2538 et
1875 2509 1962 2537 non

333 2577 474 2615 totum
507 2574 657 2623 haben
693 2576 734 2615 et
766 2574 801 2614 si
827 2576 966 2615 totum
990 2574 1135 2625 habet,
1169 2587 1255 2615 non
1288 2576 1434 2616 tamen
1468 2574 1622 2615 dicitur
1652 2574 1779 2626 plene
1804 2573 1964 2615 habere

477 2713 495 2746 1
522 2712 574 2746 ita
599 2723 664 2746 om.
692 2713 733 2747 B.
857 2712 875 2745 7
903 2713 958 2745 est
986 2712 1017 2744 B
1040 2714 1143 2755 ponit
1166 2716 1247 2755 post
1266 2722 1385 2745 causa.
1507 2709 1735 2753 glorificavit]
1763 2723 1809 2743 an
1836 2709 1965 2753 glorifi-

334 2773 435 2805 catus
461 2771 508 2805 sit
532 2773 584 2804 <vel
610 2771 706 2805 Deus
732 2782 810 2804 eum
837 2770 1075 2814 glorificavit?
1193 2769 1234 2804 13
1262 2772 1297 2804 et
1317 2770 1415 2812 item]
1437 2772 1560 2803 contra
1580 2772 1623 2804 Α.
1737 2769 1781 2802 27
1816 2768 1965 2803 aeterni-

332 2830 421 2875 tate]
448 2830 648 2864 coaevitate
674 2832 715 2868 Β,
813 2829 858 2864 28
884 2830 1001 2875 plene]
1027 2830 1132 2874 plane
1159 2832 1201 2863 A.

477 2933 487 2951 ¹
514 2934 559 2970 cf.
595 2935 658 2969 SS.
690 2935 716 2968 Ι.
746 2934 798 2968 16.
827 2934 915 2975 (74);
952 2932 1076 2976 Hugo
1112 2932 1160 2966 de
1198 2932 1282 2968 Sto,
1310 2931 1506 2972 Victore,
1542 2933 1594 2965 De
1619 2933 1797 2974 sapientia
1825 2933 1965 2965 (mimae

339 2996 475 3029 Christi
501 2993 582 3035 (PL.
612 2994 688 3034 176,
716 2993 784 3027 845
811 2994 924 3037 sqq.);
952 2992 1064 3026 Petr.
1094 2991 1233 3025 Lomb.
1259 2992 1353 3025 Sent.
1380 2990 1401 3026 l.
1429 2991 1491 3024 ΙΙΙ.
1519 2990 1550 3026 d.
1582 2991 1638 3026 14.
1663 3002 1692 3024 ο.
1723 2991 1751 3025 1.

477 3051 489 3069 '²
514 3053 695 3096 August.
724 3054 777 3086 De
801 3058 873 3088 nat.
908 3057 939 3085 et
961 3054 1082 3095 qratia
1108 3062 1137 3085 c.
1164 3051 1219 3084 33.
1246 3062 1279 3085 n.
1306 3050 1361 3086 37.
1391 3049 1472 3091 (PL.
1497 3050 1554 3089 44,
1575 3049 1674 3090 265):
1724 3048 1803 3083 Non
1835 3060 1963 3093 aequa-

334 3111 430 3146 bitur
454 3114 618 3146 creatura
643 3111 805 3145 creatori.
