2106 3453
61 1071 80 1096 f.

101 1071 143 1096 87.

515 267 706 300 Tractatus
732 266 792 300 IV.
844 266 894 300 De
921 269 1145 301 sacramento
1173 267 1439 300 incarnationis.
1726 268 1796 301 53*

303 371 428 421 Quod
474 372 619 412 autem
666 370 795 411 Filius
840 370 956 411 solus
1002 370 1189 423 suscepit
1234 383 1424 420 carnem,
1472 370 1797 422 Augustinus

160 447 316 499 prohat
349 446 413 487 his
445 446 636 488 verbis1:
695 445 792 487 Non
823 450 1011 498 persona
1043 459 1289 499 personam,
1330 458 1408 487 nec
1447 448 1603 488 natura
1645 460 1794 499 perso-

162 536 276 573 nam,
310 536 387 565 nec
420 525 575 564 natura
609 525 823 573 naturam,
867 522 942 564 sed
975 535 1162 575 persona
1194 524 1411 564 naturam.
1477 523 1535 563 De
1579 522 1644 563 his
1688 536 1796 575 qua-

161 601 259 640 tuor
291 599 397 640 haec
430 598 581 641 ultima.
614 613 716 642 vera
749 602 826 650 est,
869 599 985 652 quod
1019 599 1175 652 probat
1207 600 1527 652 Augustinus
1570 599 1617 640 in
1661 599 1796 640 libro

161 675 342 717 deside
360 678 391 717 2:
423 676 550 726 ‚Deus
580 676 837 728 unigenitus,
867 690 963 717 cum
991 676 1301 729 conciperetur,
1336 674 1626 728 integritatem
1655 675 1796 717 carnis

161 753 324 806 accepit
358 766 408 793 ex
443 753 615 805 virgine,
651 756 691 795 et
724 767 821 795 cum
864 756 1125 804 nasceretur,
1168 753 1458 806 integritatem
1493 753 1665 805 virginis
1708 766 1794 794 ser·

162 829 277 870 vavit
310 829 352 869 in
386 831 537 870 matre.
602 830 752 882 Itaque
780 843 912 871 causa
945 831 1022 880 est,
1057 842 1143 882 qua
1170 829 1284 870 Deus
1318 830 1455 870 factus
1482 829 1537 887 sit
1569 829 1680 870 tilius
1712 829 1796 869 vir-

162 905 269 956 ginis
302 905 461 946 Mariae
495 908 537 946 et
570 906 702 946 Maria
739 906 853 957 virgo
888 908 1028 947 mater
1061 906 1135 947 Dei
1168 906 1281 948 facta
1313 906 1532 958 unigeniti,
1576 907 1624 946 ut
1666 918 1793 958 quem

162 981 291 1022 Pater
322 980 469 1032 genuit
501 981 544 1022 in
576 981 847 1033 aeternitate,
890 982 1030 1035 ipsum
1066 982 1182 1033 virgo
1223 984 1477 1034 conceptum
1512 981 1723 1034 proferret
1754 981 1795 1022 in

166 1059 388 1109 tempore.‘
452 1057 628 1098 Item3:
695 1058 787 1108 ,Hic
820 1059 933 1099 Deus
967 1058 1205 1099 humanam
1239 1060 1441 1100 naturam
1490 1059 1494 1109 l
1542 1058 1582 1098 in
1630 1058 1797 1099 unitate

164 1145 373 1185 personae
412 1133 614 1186 suscepit,
664 1133 736 1186 qui
783 1147 829 1175 se
874 1134 1105 1175 humilians
1149 1147 1226 1187 per
1271 1133 1608 1175 misericordiam
1663 1134 1801 1175 incor-

163 1211 318 1261 ruptae
353 1208 525 1261 virginis
559 1211 729 1250 uterum
763 1223 813 1251 ex
848 1224 898 1251 ea
930 1210 1173 1252 nasciturus
1205 1210 1415 1263 implevit;
1457 1210 1640 1250 formam
1676 1209 1802 1261 igitur

163 1285 287 1336 servi,
321 1285 363 1326 id
397 1287 461 1327 est
492 1287 696 1327 naturam
730 1287 855 1337 servi,
901 1287 943 1327 in
982 1300 1104 1328 suam
1139 1286 1304 1339 accepit
1337 1287 1450 1327 Deus
1484 1286 1551 1327 ille
1583 1288 1799 1338 persona.‘

163 1361 254 1403 Hic
287 1361 420 1403 idem
454 1362 503 1402 in
537 1362 667 1403 libro
700 1362 940 1404 Toletani
974 1363 1180 1404 concilii
1214 1362 1273 1403 sic
1306 1362 1457 1404 dicit4:
1498 1362 1662 1412 ,Solum
1696 1362 1800 1403 Ver-

163 1437 266 1478 bum
302 1451 402 1479 caro
436 1438 599 1480 factum
633 1441 697 1479 est
731 1441 772 1480 et
805 1438 1016 1480 habitavit
1049 1438 1091 1479 in
1125 1438 1262 1489 nobis,
1297 1441 1339 1479 et
1371 1451 1468 1479 cum
1502 1439 1595 1479 tota
1621 1439 1801 1490 operata

164 1513 220 1555 sit
252 1513 441 1556 Trinitas
475 1514 786 1556 formationem-
814 1515 997 1567 suscepti
1032 1514 1230 1565 hominis,
1265 1514 1469 1567 quoniam
1499 1513 1803 1566 inseparabilia

164 1591 266 1631 sunt
298 1603 432 1642 opera
458 1589 697 1641 Trinitatis,
732 1590 848 1631 solus
875 1593 1021 1632 tamen
1049 1590 1179 1631 Filius
1205 1589 1426 1630 hominem
1453 1589 1619 1643 accepit
1645 1589 1687 1630 in
1715 1589 1801 1630 sin-

314 1745 329 1778 1
366 1744 457 1788 quod
491 1745 623 1786 autem]
660 1744 826 1788 quoniam
842 1746 884 1779 A.
986 1745 1003 1778 7
1037 1744 1086 1778 sit
1118 1744 1240 1779 om.B.
1345 1743 1384 1777 14
1417 1743 1483 1777 hoc
1514 1743 1606 1777 idem
1634 1742 1804 1788 probatur

164 1805 379 1839 auctoritate
406 1804 459 1838 sic
486 1803 531 1838 di.
554 1806 595 1839 B.
698 1803 739 1838 16
767 1803 972 1848 inseparata
994 1805 1034 1838 B.

307 1941 319 1959 ¹
346 1941 412 1976 Hic
447 1941 545 1976 locus
580 1953 648 1977 non
681 1943 736 1975 est
768 1940 824 1975 St.
857 1940 1117 1984 Augustini3
1157 1940 1202 1974 cf.
1237 1939 1352 1975 Petr.
1388 1939 1524 1973 Lomb.
1560 1942 1653 1974 Sent.
1689 1939 1710 1974 l.
1740 1939 1802 1974 Ill.

165 2001 196 2037 d.
226 2001 254 2035 5.
284 2014 313 2037 c.
344 2002 373 2037 1.

312 2060 325 2078 ‘³
350 2059 634 2104 Fulgentius,
670 2062 722 2093 De
745 2061 814 2102 siclo
840 2061 887 2093 ad
913 2061 1068 2093 seli-mn.
1096 2070 1122 2092 c.
1153 2059 1195 2094 11.
1222 2071 1255 2092 n.
1286 2059 1327 2092 17
1354 2058 1435 2100 (PL.
1461 2060 1517 2100 40,
1547 2059 1644 2101 758):
1702 2058 1805 2092 Solus

164 2121 274 2164 igitur
309 2119 459 2154 abstulit
493 2121 678 2164 peccatum
714 2118 972 2162 conceptionis·
993 2120 1100 2162 atque
1136 2118 1339 2152 nativitatis
1375 2117 1550 2152 humanae
1588 2117 1683 2152 Deus
1719 2117 1802 2152 Uni-

163 2179 318 2222 genst-us,
338 2179 414 2224 'qui
448 2179 530 2212 dum
564 2178 820 2223 conciperetur,
859 2178 1050 2212 veritatem
1084 2177 1202 2212 carnis
1228 2177 1367 2222 accepit
1392 2189 1437 2210 ex
1464 2177 1621 2221 virgine;
1661 2179 1697 2211 et
1723 2188 1802 2211 cum

163 2241 381 2280 nasceretur,
422 2238 667 2283 integritatem
700 2237 923 2281 virginitatis
955 2237 1115 2271 servavit
1149 2237 1183 2270 in
1217 2240 1341 2272 matre.
1399 2237 1474 2271 Ista
1506 2248 1615 2271 causa
1640 2238 1705 2276 est,
1734 2248 1803 2281 qua

136 2297 261 2332 *Deus
295 2298 414 2332 factus
446 2300 501 2332 est
537 2297 631 2332 filius
665 2297 818 2340 virginis
854 2297 998 2335 Mariae,
1033 2298 1070 2331 et
1102 2296 1217 2331 Maria
1244 2296 1345 2340 virgo
1373 2299 1488 2330 mater
1514 2296 1611 2330 facta
1637 2299 1693 2330 est
1723 2296 1803 2331 Uni-

153 2355 274 2401 *geniti
304 2355 387 2401 Dei;
415 2359 455 2391 ut
481 2369 585 2402 quem
612 2357 721 2391 Pater
746 2356 871 2400 genuit
898 2368 941 2390 ex
969 2356 1196 2398 aeternitate,
1224 2356 1341 2401 ipsum
1362 2355 1464 2400 virgo
1491 2358 1700 2401 conceptum
1728 2368 1803 2401 pro-

164 2418 275 2452 ferret
301 2417 335 2452 in
361 2419 535 2462 ternpore.

309 2477 321 2496 ³³
346 2477 386 2510 L.
413 2489 442 2512 c.
469 2489 502 2512 n.
532 2476 575 2511 18
602 2478 647 2521 (p.
664 2477 761 2518 759):
798 2475 866 2510 Hic
902 2475 998 2510 Deus
1018 2475 1221 2509 -humanam
1256 2478 1419 2510 nat-uram
1452 2476 1488 2510 in
1526 2475 1701 2509 unitatem
1727 2487 1803 2520 per-

167 2549 274 2572 sonae
307 2536 536 2581 suscepit...
556 2535 615 2570 hic
646 2536 744 2570 Deus
775 2535 967 2570 humilians
999 2546 1037 2569 se
1071 2546 1133 2580 per
1164 2534 1446 2569 misericordiam
1485 2535 1711 2579 incorruptae
1737 2534 1804 2568 vir-

164 2597 262 2640 ginis
286 2598 426 2630 uterum
447 2607 492 2629 ex
513 2607 555 2630 ea
580 2595 785 2629 nasciturus
804 2594 992 2639 implevit.
1010 2594 1220 2629 ..Formam
1248 2605 1332 2638 ergo
1365 2594 1472 2635 servi,
1499 2593 1533 2627 id
1556 2596 1612 2628 est
1636 2595 1801 2628 naturam

164 2655 270 2697 servi,
297 2655 334 2689 in
359 2666 460 2689 suam
487 2654 625 2699 accepit
650 2653 747 2688 Deus
774 2654 832 2687 ille
858 2664 1059 2698 personam.

306 2713 320 2732 4
346 2713 722 2751 Pseudo-Isidori,
759 2714 996 2747 Dec-retalinm
1026 2714 1190 2756 collectio,
1228 2714 1362 2746 Concil.
1400 2714 1508 2746 Τοῖα.
1544 2718 1692 2746 sextum.
1722 2711 1802 2754 (PL.

169 2773 245 2815 130,
266 2773 335 2808 487
363 2773 413 2816 C.;
440 2773 486 2809 cf.
513 2773 603 2818 Opp.
631 2772 681 2809 St.
703 2773 789 2806 Bon
801 2773 1044 2806 aventurae
1070 2771 1122 2807 ed.
1151 2770 1350 2813 Quaracehi
1378 2771 1438 2813 ΙΙΙ,
1469 2771 1535 2805 118
1550 2770 1596 2813 ⁴):
1638 2771 1803 2807 ...solus

173 2834 324 2867 Verbum
350 2845 434 2867 caro
470 2834 605 2875 factum.
632 2837 682 2866 est
708 2837 738 2865 et
763 2833 935 2865 habitavit
962 2834 999 2865 1ῖνι
1025 2833 1125 2865 nobis
1150 2833 1251 2868 (Joh.
1280 2835 1310 2875 1,
1329 2832 1398 2869 14).
1450 2830 1495 2864 Et
1521 2842 1600 2864 cum
1627 2832 1704 2864 tota
1729 2842 1804 2863 coo·

165 2894 291 2936 perata
323 2891 371 2926 sit
396 2891 554 2926 Trinitas
586 2891 818 2925 formationes
851 2890 1008 2935 suscepti
1040 2890 1206 2930 hominis,
1242 2890 1409 2935 quoniam
1437 2889 1692 2934 inseparabilia
1718 2891 1803 2923 sunt

166 2962 274 2996 opera
299 2950 497 2992 Trinitatis,
534 2950 630 2985 solus
662 2952 782 2985 tamen
808 2950 920 2984 Filius
955 2950 1115 2994 suscepit
1150 2949 1329 2983 hominem
1366 2950 1400 2983 in
1437 2948 1690 2992 singularitate
1728 2960 1801 2993 per-

167 3022 284 3052 sonae,
319 3022 388 3044 non
423 3010 459 3044 in
493 3010 630 3044 unitate
666 3009 808 3043 divinae
842 3011 1003 3049 naturae,
1041 3009 1075 3042 id
1110 3010 1167 3043 est
1202 3008 1295 3053 quod
1331 3008 1511 3053 proprium
1547 3010 1602 3042 est
1627 3008 1707 3041 Filii
1734 3019 1803 3041 non

167 3070 259 3114 quod
286 3081 471 3104 commune
497 3072 552 3103 est
572 3069 741 3103 Trinitati
757 3097 763 3103 .
781 3097 787 3104 .
805 3095 811 3102 .
828 3069 995 3113 quoniam
1022 3070 1164 3102 constat
1184 3071 1348 3102 naturam
1369 3067 1560 3101 Trinitatis
1583 3079 1662 3101 esse
1682 3078 1800 3105 unam,

167 3140 234 3162 non
261 3131 382 3163 tamen
408 3140 607 3173 personam.
634 3128 679 3162 cf.
711 3129 814 3163 Cone.
845 3129 952 3161 Tolet.
970 3130 1035 3161 XI.
1066 3128 1116 3170 (L.
1144 3139 1173 3161 c.
1201 3139 1232 3172 p.
1261 3127 1329 3162 539
1356 3126 1408 3169 O.)

1822 1072 1853 1097 10

1825 1457 1855 1481 15
