2106 3453
359 232 424 266 126
434 230 451 250 *
950 227 1155 265 Sententiae
1183 228 1394 265 divinitatis.

352 339 393 378 et
438 337 550 377 ultra
595 338 856 389 potestatem
903 348 990 376 non
1041 335 1202 376 habeat
1251 335 1293 376 in
1338 335 1431 388 ipso
1450 336 1478 376 1.
1553 333 1698 376 Saliva
1748 333 1986 376 sacerdotis

351 413 618 464 inunguntur
650 425 778 453 nares
812 414 853 453 et
886 425 1013 453 aures
1047 414 1089 452 et
1125 411 1280 451 dicitur
1317 411 1494 452 verbum
1538 411 1652 460 illud,
1699 410 1815 463 quod
1856 410 1988 451 fertur

354 489 560 529 Dominus
605 488 762 528 dixisse
803 488 845 528 in
885 500 988 528 aure
1030 487 1148 527 surdi
1192 490 1233 528 et
1274 487 1400 528 muti:
1464 486 1602 539 Effeta
1645 485 1795 540 (Marc.
1832 487 1869 536 7,
1897 486 1985 539 34),

351 565 466 617 quod
518 577 722 615 magnum
770 564 979 615 significat
1024 563 1275 616 mysterium
1297 565 1323 604 2.
1399 562 1482 603 Per
1526 562 1702 604 salivam
1752 562 1987 603 sacerdotis

313 654 328 678 5
352 640 564 692 sapientia
608 642 650 681 et
690 641 824 680 virtus
864 638 939 680 Dei
978 639 1117 680 Patris
1160 639 1420 689 intelligitur,
1466 638 1580 691 quod
1623 641 1687 679 est
1720 638 1867 687 Filius3
1913 651 1989 690 per

351 717 608 768 sapientiam
644 729 743 767 ergo
779 718 820 757 et
854 715 1052 756 virtutem
1077 715 1216 756 Patris
1249 728 1375 756 nares
1409 715 1520 755 illius
1553 714 1805 766 aperiuntur
1837 715 1893 754 ad
1926 714 1988 754 di-

350 793 495 833 vinum
543 792 720 833 odorem
768 791 1093 844 percipiendum
1141 793 1183 831 et
1227 804 1352 832 aures
1398 791 1454 832 ad
1505 790 1697 830 divinum
1744 803 1986 830 sermonem

350 868 687 919 intelligendum.
753 867 857 908 Oleo
891 867 1002 908 circa
1036 869 1187 919 pectus
1220 869 1262 907 et
1294 866 1492 919 scapulas
1533 866 1759 917 ungitur3;
1805 866 1846 906 in
1889 879 1988 918 pec-

351 947 445 984 tore
478 943 587 994 ideo,
623 943 722 995 quia
756 943 797 983 in
831 945 1005 995 pectore
1039 945 1101 983 est
1135 955 1220 992 cor,
1264 942 1363 982 inde
1396 942 1611 991 voluntas,
1646 944 1692 982 ut
1724 954 1846 982 mens
1878 941 1989 981 illius

300 1034 375 1063 10a
417 1019 538 1061 malis
580 1019 912 1070 cogitationibus
953 1017 1119 1059 munita
1159 1019 1213 1059 ad
1255 1018 1370 1059 bona
1412 1018 1684 1070 suscipienda
1728 1019 1990 1070 praeparata

351 1096 622 1146 intelligatur.
693 1096 740 1136 [n
782 1095 968 1147 scapulis
1006 1095 1115 1145 ideo,
1159 1095 1259 1147 quia
1302 1095 1343 1135 in
1383 1094 1443 1135 eis
1485 1107 1617 1135 onera
1659 1096 1897 1146 portamus,
1943 1096 1990 1134 ut

353 1172 433 1212 hoc
465 1172 558 1223 ipso
593 1171 647 1212 ad
681 1171 791 1212 bene
825 1170 1094 1223 operandum
1136 1170 1266 1212 fortes
1300 1170 1547 1211 efficiamur.
1612 1169 1854 1210 Chrismate
1893 1172 1991 1221 post

351 1248 618 1300 baptismum
654 1247 887 1299 inungitur,
923 1250 969 1288 ut
1002 1248 1053 1288 sit
1088 1242 1304 1299 particeps
1337 1247 1468 1286 divini
1502 1246 1690 1287 muneris
1725 1248 1766 1287 et
1798 1259 1823 1286 a
1857 1246 1991 1286 cbris-

355 1324 485 1364 matis
531 1323 736 1364 unctione
781 1323 1050 1364 Christianus
1096 1323 1275 1364 dicatur.
1352 1322 1403 1363 Et
1454 1322 1560 1363 haec
1611 1322 1664 1362 de
1716 1324 1991 1362 sacramento

304 1417 335 1440 15
356 1399 559 1452 baptismi
595 1400 708 1441 dicta
741 1400 967 1440 sufficiant.

787 1538 842 1575 ΙΙ.
877 1538 932 1575 De
963 1538 1211 1575 sacramento
1243 1537 1566 1575 confirmationis.

494 1631 617 1672 Nunc
669 1631 727 1671 de
778 1633 1105 1673 sacramento
1165 1630 1580 1671 confirmationis
1634 1629 1866 1670 videndum
1926 1630 1991 1669 est

358 1707 438 1748 hoc
466 1707 633 1748 ordine:
669 1707 799 1748 unde
832 1707 1110 1759 sumpserit
1144 1707 1426 1756 exordium,
1462 1706 1646 1758 quibus
1679 1706 1745 1746 sit
1777 1718 1990 1746 conces-

354 1796 480 1833 sum,
527 1796 657 1835 quae
703 1773 768 1823 sit
815 1783 921 1823 eius
966 1783 1129 1823 virtus
1175 1785 1222 1823 et
1267 1782 1523 1830 efficacia;
1573 1784 1738 1822 utrum
1784 1781 1990 1832 dignius

303 1859 424 1902 eosit
471 1859 747 1911 baptismo,
794 1872 855 1899 an
902 1858 1137 1899 omnibus
1181 1858 1531 1899 necessarium
1575 1857 1641 1898 sit
1680 1858 1757 1899 vel
1800 1856 1990 1909 aliquis

352 1936 458 1976 sine
510 1948 565 1976 eo
616 1935 781 1987 possit
831 1935 1066 1976 salvari⁴.
1143 1935 1175 1974 A
1229 1934 1444 1975 salvatore
1488 1933 1657 1975 Christo
1706 1932 1987 1974 institutionis

351 2012 535 2063 sumpsit
574 2011 812 2061 exordium,
855 2011 1009 2052 deinde
1048 2011 1102 2051 ab
1141 2010 1347 2063 apostolis
1387 2010 1610 2061 diligenter
1649 2009 1912 2051 custoditum
1945 2011 1989 2049 et

353 2087 480 2128 hodie
513 2087 567 2127 ab
601 2087 779 2128 ecclesia
813 2086 1038 2138 diligenter
1070 2089 1135 2127 est
1161 2086 1495 2127 observandum.
1548 2086 1641 2126 Hoc
1668 2086 1990 2126 sacramentum

356 2163 696 2204 confirmationis
730 2163 771 2203 in
806 2163 1021 2215 baptismo
1058 2162 1290 2203 mundatos
1324 2164 1366 2203 et
1403 2164 1553 2202 contra
1585 2161 1798 2213 spiritales
1842 2161 1991 2212 nequi-

299 2257 333 2282 ‘25
352 2240 434 2280 tias
467 2241 736 2291 pugnaturos
768 2241 910 2280 armat
944 2240 985 2279 et
1017 2238 1281 2279 corroborat.
1346 2238 1391 2277 In
1425 2239 1697 2279 sacramento
1739 2237 1851 2278 enim
1885 2237 1990 2288 bap-

353 2315 467 2356 tismi
509 2315 669 2356 dantur
710 2328 832 2356 arma
877 2314 1032 2367 quibus
1079 2313 1251 2354 diabolo
1296 2314 1561 2363 resistamus,
1615 2313 1656 2353 in
1707 2312 1787 2353 isto
1834 2313 1991 2353 dantur

353 2404 476 2432 arma
521 2391 677 2443 quibus
721 2390 757 2431 ei
795 2390 1020 2431 obviemus
1060 2391 1101 2431 et
1139 2391 1289 2430 contra
1335 2389 1475 2441 ipsum
1518 2389 1695 2429 viriliter
1735 2401 1988 2440 pugnemus.

353 2467 464 2507 Hinc
499 2469 563 2507 est
590 2466 734 2515 etiam,
769 2466 885 2518 quod
913 2467 955 2506 in
977 2465 1250 2506 eminentiori
1281 2468 1405 2517 parte
1429 2464 1576 2513 nostri,
1611 2464 1652 2504 id
1677 2466 1740 2504 est
1761 2463 1803 2504 in
1836 2464 1989 2513 fronte,

357 2543 525 2594 signum
560 2542 696 2583 crucis
729 2541 1001 2594 imprimitur,
1035 2543 1082 2582 ut
1116 2541 1267 2582 vexillo
1301 2541 1411 2593 regis
1450 2541 1586 2582 nostri
1616 2540 1802 2591 insigniti
1834 2539 1988 2580 eodem

497 2651 517 2684 5
543 2650 635 2694 quod
662 2652 718 2684 est
742 2650 854 2683 Filius
881 2662 946 2684 om.
973 2651 1014 2683 Β.
1070 2649 1112 2683 10
1139 2649 1276 2683 minuta
1299 2652 1338 2684 A.
1394 2649 1434 2683 13
1460 2648 1631 2692 muneris]
1659 2649 1777 2692 operis
1805 2649 1846 2682 B.
1900 2649 1943 2681 14
1971 2659 1991 2681 a

355 2710 524 2743 crismate
544 2709 663 2743 unctio
680 2712 711 2742 A
729 2711 768 2742 B.
824 2710 959 2743 14ffil5
982 2712 1017 2743 et
1037 2709 1101 2743 hoc
1131 2709 1173 2742 de
1195 2720 1283 2743 sacr.
1300 2708 1394 2752 bapt.
1411 2708 1546 2742 dixisse
1569 2708 1727 2742 sufficiat
1751 2708 1788 2741 ΙΙ.
1846 2707 1886 2741 18
1911 2712 1990 2750 poet

356 2768 478 2802 ordine
505 2770 588 2802 adel.
617 2771 645 2802 A
674 2769 787 2813 primo
813 2768 884 2803 vid.
912 2772 977 2802 est.
1038 2769 1082 2802 20
1110 2767 1167 2811 an]
1195 2771 1314 2802 autem
1343 2769 1384 2801 Β.
1445 2768 1494 2801 sit
1519 2780 1582 2801 om.
1611 2768 1652 2801 Β.
1722 2767 1768 2800 24
1794 2768 1829 2799 et
1854 2778 1918 2801 om.
1949 2769 1989 2801 A.

357 2828 401 2861 28
429 2828 535 2861 etiam
558 2840 622 2861 om.
646 2828 687 2861 R.
738 2827 782 2861 29
808 2834 887 2871 post
908 2828 1069 2871 insigniti
1091 2829 1172 2861 adel.
1203 2828 1234 2860 Β
1260 2827 1397 2861 asultus
1419 2826 1548 2860 diaboli
1570 2827 1711 2860 minime
1732 2826 1922 2859 timeamus
1944 2827 1989 2860 et.

502 2926 511 2943 ¹
538 2926 638 2959 Pan.
665 2926 690 2966 Ι,
718 2927 779 2968 45;
808 2937 837 2960 c.
864 2925 920 2959 63.
949 2925 991 2959 de
1017 2936 1113 2960 cons.
1141 2925 1175 2958 d.
1201 2926 1236 2958 4.

503 2983 515 3001 ²
541 2985 638 3019 Pan.
668 2985 692 3025 I,
714 2985 777 3027 483
806 2996 836 3019 c.
864 2984 918 3018 68.
947 2984 988 3018 de
1016 2995 1109 3018 cons.
1139 2984 1170 3018 d.
1197 2985 1230 3017 4.

501 3042 513 3060 3
542 3044 637 3078 Pan.
663 3044 690 3086 l,
713 3044 767 3084 50,
789 3044 848 3083 52;
877 3055 907 3078 c.
937 3044 991 3078 70.
1021 3043 1063 3076 de
1089 3054 1185 3078 cons.
1212 3042 1246 3077 d.
1271 3044 1303 3077 4.

502 3102 517 3120 4
546 3104 611 3137 SS.
636 3102 697 3143 VI,
723 3103 737 3135 1
768 3103 848 3143 (137
867 3103 918 3143 A).
969 3101 1211 3141 Roiandus,
1240 3113 1271 3145 p.
1299 3101 1365 3135 ‘212
1380 3113 1458 3145 sqq.
