2106 3453
513 247 704 282 Tractatus
730 247 789 282 IV.
842 246 893 280 De
920 247 1142 280 sacramento
1169 244 1434 280 incarnationis.
1720 243 1789 279 71*

159 351 516 404 redemptione
555 351 757 402 dignum
800 349 1076 390 iudicavit?
1147 349 1314 398 Quare
1358 361 1458 389 non
1504 361 1591 401 per
1636 360 1788 399 ange-

159 428 277 477 lum,
321 427 406 469 sed
449 440 535 479 per
577 440 627 467 se
673 426 835 479 ipsum
880 425 1216 467 mediatorem
1261 424 1398 466 facta
1445 426 1520 465 est
1564 424 1789 464 hominis

158 503 472 555 redemptio?
535 502 702 552 Quare
735 515 791 542 ex
824 501 983 542 Adam
1018 501 1272 541 hominem
1301 499 1585 552 assumpsit
1613 502 1661 540 et
1688 512 1787 540 non

160 592 339 619 novum
375 578 598 620 creavit?
661 577 827 627 Quare
863 590 919 618 ex
946 576 1137 618 femina
1164 576 1276 618 sola
1304 578 1352 617 et
1379 589 1476 617 non
1504 575 1605 618 alia
1632 588 1786 628 quam

159 655 355 706 virgine
389 667 594 696 carnem
629 653 825 694 induit?

305 731 339 771 1.
385 731 435 771 In
470 730 632 782 prima
664 729 911 771 solvenda
945 728 1251 781 quaestione
1290 727 1372 769 tria
1405 741 1431 769 a
1463 731 1674 780 peccante
1709 728 1787 768 ho-

158 806 271 846 mine
304 808 471 847 remota
503 805 788 857 reperiuntur,
832 818 943 857 quae
982 804 1203 855 indignum
1245 803 1543 856 redemptione
1586 804 1785 855 angelum

157 882 330 923 faciunt.
393 881 636 931 Primum,
670 881 786 933 quod
819 894 897 921 suo
931 880 1125 933 peccavit
1157 881 1331 921 invento
1366 882 1407 921 et
1448 893 1527 922 sua
1560 879 1786 932 deliquens

157 957 414 999 auctoritate
448 957 689 1009 exemplum
717 956 924 1009 peccandi
957 955 1088 1006 dedit,
1116 956 1353 997 secundum
1388 955 1510 997 illud:
1552 955 1645 1009 Ipse
1677 970 1787 995 men-

156 1032 242 1072 dax
282 1037 338 1073 est
381 1036 416 1072 et
454 1036 577 1086 patea-
621 1032 825 1073 ‘mendacii
870 1031 980 1084 (Joh.
1017 1032 1161 1084 5344).
1225 1031 1536 1082 Secundum,
1583 1031 1699 1084 quod
1746 1032 1787 1072 in

157 1108 343 1149 hominis
388 1110 565 1160 peccato
612 1108 747 1159 magis
793 1107 990 1149 diabolus
1035 1121 1165 1160 quam
1218 1107 1349 1148 homo
1394 1107 1602 1159 peccavit.
1681 1107 1790 1149 Dicit

159 1184 270 1225 enim
317 1184 588 1236 Origenes,
631 1184 748 1236 quod
799 1184 934 1224 multo
988 1183 1160 1235 gravius
1212 1185 1276 1224 est
1327 1183 1580 1224 scandalum
1634 1183 1789 1224 inferre

158 1273 286 1313 quam
321 1260 423 1313 pati.
486 1260 734 1311 Tertium,
770 1260 886 1312 quod
913 1260 1090 1311 angelus
1116 1259 1157 1300 in
1186 1259 1251 1300 sui
1278 1259 1526 1301 conditione
1552 1259 1789 1312 superioris

159 1338 199 1377 et
232 1336 431 1377 firmioris
465 1338 647 1378 naturae
681 1338 745 1378 est
778 1338 960 1378 creatus.
1025 1335 1136 1376 Nam
1164 1336 1296 1376 homo
1329 1335 1491 1388 aliquid
1524 1335 1565 1375 in
1600 1348 1679 1377 sua
1712 1349 1789 1376 na-

158 1414 254 1453 tura
287 1411 485 1464 suscepit,
525 1425 601 1464 per
634 1411 748 1464 quod
782 1425 827 1453 se
860 1412 952 1464 ipso
986 1411 1127 1452 minor
1165 1411 1426 1459 inveniatur;
1471 1410 1669 1452 videlicet
1711 1411 1788 1452 do-

158 1501 276 1529 mum
311 1490 353 1529 et
384 1491 592 1528 tei-remma
625 1489 789 1528 (mimae
824 1487 1145 1540 fmzslcmzentewz
1180 1487 1287 1541 (Job.
1325 1488 1362 1540 4,
1384 1487 1468 1540 19).
1533 1487 1629 1528 Nou
1663 1487 1791 1538 igitur

157 1566 279 1605 tanta
312 1563 607 1615 indignatione
641 1563 900 1613 mirandum,
936 1564 1051 1616 quod
1083 1564 1235 1605 cecidit
1261 1564 1391 1605 homo
1426 1564 1478 1605 de
1518 1564 1619 1604 limo
1647 1565 1789 1606 terrae

159 1640 369 1690 conditus,
404 1642 567 1693 quanta
600 1640 716 1692 quod
749 1640 955 1692 peccavit,
990 1640 1063 1692 qui
1095 1640 1377 1681 indeficientis
1412 1640 1624 1682 essentiae
1657 1643 1699 1681 et
1726 1641 1789 1681 in-

158 1715 445 1768 corruptibilis
479 1718 543 1757 est
575 1719 757 1757 creatus.
821 1716 896 1756 His
931 1716 1076 1769 itaque
1111 1729 1195 1756 non
1231 1716 1463 1767 incongrue
1505 1716 1666 1758 factum
1710 1719 1788 1767 est,

159 1794 206 1833 ut
238 1806 325 1833 non
358 1792 549 1843 angelus,
583 1793 658 1833 sed
692 1792 823 1833 homo
858 1793 1110 1834 liberatione
1145 1792 1298 1845 dignus
1332 1792 1558 1834 habeatur.

300 1869 339 1909 a.
386 1868 619 1910 Secundo
662 1869 947 1921 quaeritur,
991 1882 1148 1921 quare
1189 1882 1286 1909 non
1319 1882 1406 1921 per
1439 1869 1677 1920 angelum
1714 1870 1790 1910 vel

159 1944 439 1997 quemlibet
489 1945 664 1995 alium,
717 1945 801 1986 sed
854 1958 941 1997 per
998 1945 1160 1997 ipsum
1214 1945 1482 1986 Dominum
1536 1945 1671 1986 facta
1722 1945 1790 1986 sit

158 2020 417 2061 liberatio.

301 2096 368 2137 Ad
400 2096 482 2138 hoc
508 2097 701 2147 dicimus,
736 2098 852 2150 quod
880 2098 949 2139 alii
978 2097 1149 2139 fuerunt
1177 2098 1349 2150 quidem
1380 2098 1509 2148 modi,
1545 2098 1619 2139 sed
1648 2098 1790 2138 nullus

158 2172 217 2214 ita
250 2173 510 2214 conveniens
542 2176 584 2214 et
618 2174 883 2215 necessarius
918 2174 1095 2215 inveniri
1117 2177 1159 2215 et
1192 2174 1368 2225 cogitari
1400 2174 1554 2226 potuit.
1619 2174 1787 2214 Etenim
1810 2192 1839 2216 2.-

158 2248 252 2301 ipsa
284 2262 426 2290 rerum
460 2249 660 2290 ordinata
697 2250 931 2291 necessstas
970 2250 1010 2290 id
1055 2250 1280 2291 videbatur
1323 2263 1566 2302 exposcere,
1612 2252 1657 2291 ut
1702 2263 1789 2291 non

158 2337 236 2377 per
273 2324 418 2375 alium,
458 2325 533 2365 sed
574 2337 651 2377 per
692 2325 833 2378 ipsum
869 2327 1000 2367 Deum
1046 2326 1169 2367 fieret
1216 2326 1279 2366 vel
1324 2326 1521 2367 facienda
1548 2328 1679 2367 vesset
1723 2339 1790 2367 re-

159 2400 364 2453 demptio.
427 2400 540 2442 Nam
573 2414 669 2442 cum
703 2401 738 2442 is
770 2402 976 2454 peccavit,
1011 2415 1096 2455 quo
1124 2403 1261 2443 maior
1287 2404 1458 2455 praeter
1484 2402 1624 2443 solum
1651 2403 1788 2444 Deum

160 2489 246 2517 non
278 2476 505 2528 invenitur,
539 2477 777 2518 secundum
811 2478 932 2519 illud:
980 2479 1181 2520 Humana
1223 2481 1365 2520 mente
1407 2479 1545 2520 maior
1577 2481 1641 2520 est
1673 2478 1789 2520 solus

160 2552 287 2602 Deus,
329 2566 406 2605 per
438 2566 564 2594 suum
597 2554 857 2596 sufficienter
889 2555 1115 2607 aequalem
1149 2554 1359 2596 redimere
1392 2554 1538 2604 voluit,
1583 2555 1788 2607 quoniam

161 2627 321 2681 aliquid
369 2629 506 2670 maius
551 2629 726 2671 homine
769 2644 846 2683 pro
893 2631 1067 2672 homine
1112 2631 1205 2673 dari
1254 2631 1456 2683 oportuit.
1521 2631 1647 2681 Quod
1689 2632 1790 2684 quia

160 2717 293 2745 unum
328 2705 555 2747 dumtaxat
587 2706 739 2756 fuerat,
774 2707 916 2759 ipsum
949 2707 1141 2748 dandum
1176 2710 1281 2757 erat,
1326 2709 1542 2760 quatenus
1574 2707 1790 2749 sufficiens

160 2780 345 2832 pretium
380 2780 623 2832 adhibetur,
659 2785 706 2823 ut
738 2782 868 2823 homo
902 2783 1197 2824 redimeretur.

118 2990 122 2993 ¹
304 2945 325 2979 8
351 2945 508 2989 invento]
535 2949 712 2981 momento
740 2949 782 2981 A.
919 2949 957 2982 11
988 2947 1162 2992 peccavit]
1190 2947 1340 2992 deliquit
1362 2951 1392 2982 Β
1514 2950 1554 2983 13
1579 2956 1659 2993 post
1685 2961 1791 2994 quam

163 3006 246 3038 add.
268 3006 300 3038 B
325 3004 544 3040 scandalum.
646 3006 686 3040 17
714 3006 819 3050 quod]
847 3007 877 3041 si
900 3008 941 3042 Β.
1043 3008 1084 3041 19
1111 3010 1167 3042 est
1192 3009 1346 3050 creatus]
1375 3011 1431 3042 est
1451 3021 1515 3042 om.
1545 3010 1584 3041 R.
1684 3009 1728 3043 20
1756 3009 1792 3042 li-

162 3062 358 3097 berationis
383 3064 500 3107 gratia
522 3066 562 3098 Β.
696 3065 738 3099 21
768 3066 1006 3109 quaerebatur
1027 3069 1069 3102 Β.
1179 3067 1223 3101 28
1251 3079 1319 3111 quo
1348 3071 1496 3112 serulus&
1522 3068 1577 3102 cui
1603 3072 1630 3102 A
1659 3069 1717 3112 qui
1750 3071 1789 3103 B.

163 3121 208 3156 30
229 3127 311 3165 post
336 3122 450 3156 voluit
476 3125 558 3157 add.
588 3125 618 3157 B
644 3123 769 3158 redimi
795 3137 864 3158 non
891 3125 1016 3169 pot-uit.

1813 1044 1843 1068 10

1814 1427 1842 1450 15

1810 1805 1843 1829 20

1810 2576 1844 2600 30
