2106 3453
258 1066 288 1090 lo

260 1450 291 1475 15

257 1828 289 1852 20

311 266 356 300 58
367 265 383 283 *
905 266 1112 299 Sententiae
1139 249 1350 301 divinitatis.

306 368 507 409 divinitas
539 372 581 410 et
614 369 877 419 humanitas,
919 371 1172 411 naturarum
1206 372 1305 410 sunt
1341 369 1527 420 nomina,
1570 370 1644 411 sed
1679 370 1763 420 illa,
1796 370 1839 411 id
1872 373 1938 412 est

306 444 436 484 homo
471 446 511 485 et
546 445 669 494 Deus,
713 444 977 497 quaudoque
1011 458 1060 486 ex
1093 445 1309 486 intellectu
1342 447 1524 487 naturae
1556 447 1753 498 utraque,
1796 458 1936 498 quan-

307 519 448 572 doque
481 520 664 561 alterum
697 533 775 572 pro
808 533 1009 572 persona,
1042 520 1225 562 alterum
1257 534 1335 573 pro
1369 522 1524 562 natura
1552 520 1825 573 intelligenda
1858 535 1939 574 po-

307 598 481 636 nuntur.
545 595 749 636 Similiter
781 598 823 637 et
848 595 917 637 hic
937 596 1138 637 divinitas
1160 599 1202 638 et
1221 596 1468 637 humanitas
1501 599 1577 637 aut
1602 599 1834 649 utrumque
1861 610 1939 648 pro

307 671 472 712 naturis
510 674 586 712 aut
625 673 859 725 utrumque
904 685 982 724 pro
1026 672 1236 725 personis,
1281 675 1356 714 aut
1401 672 1583 714 alterum
1630 685 1707 725 pro
1753 686 1940 725 persona

307 747 487 788 alterum
522 760 600 800 pro
633 750 790 789 natura
823 748 991 790 dicitur.
1055 747 1165 789 Nam
1201 761 1297 789 cum
1338 748 1510 790 dicitur:
1553 749 1665 789 Deus
1706 748 1941 800 assumpsit

308 822 540 873 hominem,
588 826 645 864 et:
700 823 909 864 Divinitas
954 824 1189 876 assumpsit
1235 824 1468 874 hominem,
1514 837 1565 864 ex
1610 823 1762 865 eodem
1810 836 1940 865 sensu

308 897 488 939 dicimus
522 898 615 948 hoc,
650 901 691 940 et
724 899 806 939 ibi:
872 900 1012 948 ,Deus‘
1055 903 1096 940 et
1136 899 1203 941 hic
1242 898 1471 950 ,divinitas‘
1519 900 1573 940 ad
1618 899 1939 951 intelligendam

308 987 552 1026 personam,
601 975 847 1024 ,hominem‘
894 988 996 1016 vero
1038 978 1079 1016 et
1125 975 1469 1025 ‚humanitatem‘
1516 976 1572 1017 ad
1619 975 1938 1027 intelligendam

309 1053 540 1092 naturam.‘
591 1051 717 1101 Quod
744 1053 889 1092 autem
919 1051 978 1092 ita
1007 1051 1183 1092 nomina
1208 1053 1389 1093 naturae
1410 1052 1451 1092 in
1475 1051 1771 1103 designatione
1793 1064 1940 1092 eorum

308 1126 465 1168 faciant
505 1139 804 1179 personarum,
845 1127 966 1169 facile
1008 1129 1071 1186 est
1115 1127 1314 1180 reperire,
1362 1129 1427 1168 ut:
1476 1127 1520 1167 In
1567 1127 1736 1168 duobus
1780 1126 1942 1168 solatiis

308 1202 466 1253 gaudet
499 1202 761 1252 humanitas,
797 1204 856 1243 et:
891 1202 950 1243 Ibi
985 1216 1149 1255 pavens
1183 1202 1314 1244 modo
1341 1203 1437 1244 talis
1466 1205 1621 1244 natura
1648 1202 1817 1255 quaerit
1844 1204 1939 1253 etc,

309 1280 351 1319 et
382 1277 504 1319 alibi:
549 1277 757 1319 Divinitas
800 1277 890 1319 eius
925 1278 1197 1331 conspicitur,
1244 1278 1285 1318 id
1328 1281 1392 1319 est
1436 1278 1620 1331 Spiritus
1665 1280 1854 1328 sanctus,
1902 1280 1943 1319 et

309 1353 426 1395 alibi:
466 1354 616 1394 Omnia
641 1353 818 1394 subiecit
839 1355 874 1394 ei
905 1358 1070 1407 praeter
1102 1368 1205 1402 etun,
1239 1355 1310 1409 qm·
1335 1353 1501 1394 subiecit
1532 1355 1568 1394 ei
1594 1355 1734 1394 omnia
1762 1353 1812 1407 (I.
1847 1354 1940 1395 Cor.

314 1430 492 1483 15,27),
525 1431 698 1482 praeter
740 1442 853 1480 eum,
895 1429 937 1470 id
984 1432 1049 1471 est
1091 1429 1373 1480 divinitatem,
1417 1429 1577 1471 scilicet
1619 1430 1806 1471 Patrem.
1870 1429 1940 1471 Sic

310 1504 448 1557 igitur,
483 1519 577 1547 cum
612 1505 784 1547 dicitur:
829 1505 1039 1547 Divinitas
1078 1506 1312 1559 assumpsit
1350 1506 1679 1554 humanitatem,
1723 1519 1802 1558 pro
1844 1518 1940 1558 per-

310 1594 417 1623 sona
462 1580 681 1634 accipitur,
729 1583 775 1622 ut
819 1582 1004 1624 dicatur:
1061 1582 1173 1622 Deus
1224 1582 1457 1634 assumpsit
1504 1581 1738 1623 hominem.
1814 1581 1941 1631 Quod

310 1657 498 1701 Ostendit
520 1657 701 1699 beatus
724 1658 998 1710 Gregorius
1020 1658 1064 1698 in
1089 1658 1175 1699 illa
1198 1658 1407 1699 homilia
1429 1657 1941 1711 Quinquagesimael,

312 1747 422 1786 quae
455 1733 515 1775 sic
548 1733 712 1786 incipit:
754 1734 1021 1786 Redemptor
1053 1737 1199 1775 noster
1230 1734 1487 1787 praevidens
1529 1748 1580 1775 ex
1621 1733 1822 1787 passione
1865 1747 1944 1774 sua

312 1812 407 1859 etc.,
445 1809 505 1851 sic
543 1809 707 1851 dicens:
755 1809 881 1860 ‚Dum
924 1810 1123 1851 conditor
1166 1815 1313 1852 noster
1357 1810 1727 1863 appropinquaret
1758 1804 1942 1859 Jericho,

312 1885 558 1932 caecusad
597 1886 742 1927 lumen
784 1886 922 1937 rediit,
969 1886 1070 1939 quia
1116 1887 1217 1927 dum
1264 1886 1465 1928 diviuitas
1510 1886 1724 1928 defectum
1769 1887 1943 1927 nostrae

312 1961 451 2003 carnis
483 1961 684 2014 suscepit,
719 1961 957 2003 humanum
992 1974 1126 2013 genus
1165 1963 1323 2012 lumen,
1364 1962 1479 2015 quod
1522 1962 1727 2003 amiserat
1768 1955 1943 2014 recepit.

312 2037 436 2079 Unde
469 2036 583 2078 enim
617 2037 730 2079 Deus
772 2038 966 2079 humana
998 2038 1173 2090 patitur,
1215 2038 1313 2079 inde
1353 2038 1483 2079 homo
1516 2038 1572 2080 ad
1599 2037 1760 2079 'divina
1803 2037 1943 2079 suble-

313 2114 466 2163 vatur‘,
499 2115 698 2165 patenter
730 2113 1048 2164 demonstrans,
1077 2113 1251 2155 nomine
1279 2113 1541 2165 ,divinitatis‘
1569 2113 1672 2154 illud
1699 2113 1942 2165 significari,

458 2267 474 2301 1
503 2264 710 2301 naturarum
754 2269 845 2302 Gz'lb.
896 2265 1109 2301 naturaliter
1136 2269 1166 2300 A
1196 2267 1236 2300 B.
1360 2267 1380 2301 3
1419 2266 1642 2311 quandoque]
1686 2265 1876 2310 aliquando
1902 2266 1945 2301 R.

314 2326 407 2360 3-4
433 2328 610 2370 ponuntur
639 2328 731 2360 Gefflh.
758 2326 1004 2371 poniturAB.
1133 2327 1154 2359 4
1181 2325 1240 2359 hic
1280 2327 1371 2359 Gilh.
1411 2325 1499 2360 haec
1531 2329 1560 2359 A
1578 2326 1620 2361 Β.
1735 2326 1781 2367 et]
1817 2326 1881 2359 aut
1901 2327 1944 2359 A.

314 2385 334 2419 8
361 2385 409 2419 ibi
433 2387 524 2419 Gilb.
546 2385 639 2419 idem
662 2391 692 2419 A
709 2388 749 2422 Β,
852 2386 890 2419 11
921 2396 1150 2430 personarum
1173 2397 1238 2419 om.
1255 2387 1297 2419 A.
1399 2385 1439 2419 12
1460 2384 1541 2428 ete]
1563 2396 1642 2419 cum
1656 2389 1699 2419 A.
1800 2384 1842 2418 13
1869 2384 1945 2418 eius

314 2446 414 2478 omA
440 2443 681 2489 conspiciatur
698 2447 738 2478 A.
839 2445 880 2478 15
907 2444 971 2486 sic]
1000 2444 1028 2478 si
1050 2447 1093 2478 A.
1192 2443 1237 2477 24
1264 2443 1485 2478 demonstrat
1500 2446 1542 2479 Β,

315 2598 376 2633 sed
403 2598 474 2639 illa,
501 2597 567 2632 hoc
605 2601 670 2640 est,
708 2598 828 2639 ,Deus‘
867 2601 903 2632 et
929 2598 1054 2639 ‚homo‘
1087 2598 1298 2642 quandoque
1333 2610 1376 2632 ex
1414 2597 1598 2632 intellectu
1625 2608 1810 2641 personae,
1838 2608 1945 2641 quan-

315 2658 428 2702 doque
463 2670 509 2691 ex
534 2657 718 2692 intellectu
742 2659 950 2691 naturarum
983 2660 1144 2701 utraque,
1180 2657 1390 2701 quandoque
1417 2656 1567 2690 alterum
1594 2668 1656 2701 pro
1683 2667 1834 2700 persona
1860 2656 1944 2690 alte-

316 2729 391 2751 rum
424 2729 486 2762 pro
522 2718 650 2751 natura
684 2716 920 2760 intelligenda
952 2718 1137 2760 ponuntur.
1190 2716 1362 2752 Similiter
1388 2718 1424 2750 et
1448 2715 1515 2756 hic,
1550 2715 1585 2749 id
1612 2716 1676 2756 est,
1714 2714 1883 2763 divinitas
1910 2718 1945 2749 et

316 2776 529 2817 humanitas,
557 2778 618 2810 aut
644 2778 795 2820 utraque
820 2787 882 2820 pro
908 2775 1047 2809 naturis
1075 2777 1136 2809 aut
1160 2777 1311 2819 utraque
1338 2786 1400 2819 pro
1426 2785 1587 2819 persona,
1615 2776 1677 2808 aut
1704 2774 1854 2808 alterum
1882 2786 1944 2819 pro

316 2848 467 2880 persona
498 2836 647 2870 alterum
681 2848 742 2881 pro
769 2838 897 2870 natura
924 2829 1063 2869 dicitur.
1113 2835 1202 2868 Nam
1231 2846 1309 2868 cum
1337 2834 1505 2869 dicimus:
1545 2833 1642 2868 Deus
1668 2833 1864 2877 assumpsit
1888 2833 1945 2867 ho-

316 2895 457 2936 minem,
486 2898 536 2930 et:
566 2895 745 2930 Divinitas
771 2895 967 2940 assumpsit
992 2888 1264 2935 humanitatem,
1299 2906 1343 2927 ex
1371 2893 1493 2927 eodem
1519 2893 1577 2927 hic
1604 2892 1751 2927 dicimus
1777 2903 1884 2927 sensu
1909 2894 1945 2926 et

317 2954 365 2988 ibi
403 2954 521 2995 ,Deus‘
557 2957 593 2988 et
629 2954 687 2988 hic
722 2955 915 2996 ,divinitas‘
952 2954 994 2988 ad
1033 2953 1301 2997 intelligendam
1338 2964 1534 2997 personam,
1572 2951 1772 2993 ‚hominem‘
1799 2962 1883 2985 vero
1909 2953 1946 2985 et

317 3013 599 3054 ,humanitatem‘
626 3013 669 3047 ad
695 3013 966 3057 intelligendam
993 3015 1155 3047 naturam
1181 3012 1237 3046 his
1262 3011 1481 3045 orationibus
1507 3011 1743 3055 proferuntur.

461 3070 472 3089 1
499 3072 756 3116 Gregorius,
784 3073 947 3106 Homilia
973 3074 1026 3108 II.
1052 3074 1091 3105 rin
1118 3073 1251 3114 Eamus).
1279 3083 1311 3106 n.
1334 3071 1365 3104 2.
1389 3069 1468 3112 (PL.
1492 3070 1545 3111 76,
1569 3070 1689 3111 1082);
1725 3069 1771 3104 cf.
1799 3071 1944 3103 Brevia-

320 3134 413 3165 rimn
441 3134 650 3175 Romanum,
677 3131 832 3165 Homilia
860 3130 1194 3175 Quinquagesimae.
