<?xml version="1.0" encoding="UTF-8"?>
<!DOCTYPE html PUBLIC "-//W3C//DTD XHTML 1.0 Transitional//EN"
    "http://www.w3.org/TR/xhtml1/DTD/xhtml1-transitional.dtd">
<html xmlns="http://www.w3.org/1999/xhtml" xml:lang="en" lang="en">
 <head>
  <title>
</title>
<meta http-equiv="Content-Type" content="text/html;charset=utf-8" />
  <meta name='ocr-system' content='tesseract 3.04.00' />
  <meta name='ocr-capabilities' content='ocr_page ocr_carea ocr_par ocr_line ocrx_word'/>
</head>
<body>
  <div class='ocr_page' id='page_1' title='image "./diesententiaediv00geye_0205.png"; bbox 0 0 2106 3453; ppageno 0'>
   <div class='ocr_carea' id='block_1_1' title="bbox 8 1314 98 1339">
    <p class='ocr_par' dir='ltr' id='par_1_1' title="bbox 8 1314 98 1339">
     <span class='ocr_line' id='line_1_1' title="bbox 8 1314 98 1339; baseline 0.011 -1"><span class='ocrx_word' id='word_1_1' title='bbox 8 1314 28 1338; x_wconf 87' lang='lat' dir='ltr'>f.</span> <span class='ocrx_word' id='word_1_2' title='bbox 50 1315 98 1339; x_wconf 78' lang='lat'>100</span> 
     </span>
    </p>
   </div>
   <div class='ocr_carea' id='block_1_2' title="bbox 626 209 1764 254">
    <p class='ocr_par' dir='ltr' id='par_1_2' title="bbox 626 209 1764 254">
     <span class='ocr_line' id='line_1_2' title="bbox 626 209 1764 254; baseline 0.007 -8"><span class='ocrx_word' id='word_1_3' title='bbox 626 209 817 248; x_wconf 79' lang='lat' dir='ltr'>Tractatus</span> <span class='ocrx_word' id='word_1_4' title='bbox 847 210 887 250; x_wconf 89' lang='lat' dir='ltr'>V.</span> <span class='ocrx_word' id='word_1_5' title='bbox 939 211 990 248; x_wconf 84' lang='lat' dir='ltr'>De</span> <span class='ocrx_word' id='word_1_6' title='bbox 1017 214 1264 251; x_wconf 83' lang='lat' dir='ltr'>sacramentis.</span> <span class='ocrx_word' id='word_1_7' title='bbox 1673 217 1764 254; x_wconf 80' lang='lat'>127*</span> 
     </span>
    </p>
   </div>
   <div class='ocr_carea' id='block_1_3' title="bbox 108 312 1814 2501">
    <p class='ocr_par' dir='ltr' id='par_1_3' title="bbox 127 312 1766 432">
     <span class='ocr_line' id='line_1_3' title="bbox 127 312 1766 376; baseline 0.008 -23"><span class='ocrx_word' id='word_1_8' title='bbox 127 324 225 364; x_wconf 82' lang='lat' dir='ltr'>rege</span> <span class='ocrx_word' id='word_1_9' title='bbox 252 312 487 356; x_wconf 87' lang='lat' dir='ltr'>adiuvante</span> <span class='ocrx_word' id='word_1_10' title='bbox 515 319 664 357; x_wconf 84' lang='lat' dir='ltr'>contra</span> <span class='ocrx_word' id='word_1_11' title='bbox 691 317 830 370; x_wconf 88' lang='lat' dir='ltr'>ipsum</span> <span class='ocrx_word' id='word_1_12' title='bbox 865 318 1084 360; x_wconf 83' lang='lat' dir='ltr'>diabolum</span> <span class='ocrx_word' id='word_1_13' title='bbox 1112 320 1329 361; x_wconf 90' lang='lat' dir='ltr'>inimicum</span> <span class='ocrx_word' id='word_1_14' title='bbox 1357 325 1550 363; x_wconf 83' lang='lat' dir='ltr'>nostrum</span> <span class='ocrx_word' id='word_1_15' title='bbox 1574 337 1766 376; x_wconf 75' lang='lat' dir='ltr'>pugnare</span> 
     </span>
     <span class='ocr_line' id='line_1_4' title="bbox 128 390 567 432; baseline 0.007 -4"><span class='ocrx_word' id='word_1_16' title='bbox 128 401 212 428; x_wconf 90' lang='lat' dir='ltr'>non</span> <span class='ocrx_word' id='word_1_17' title='bbox 248 390 567 432; x_wconf 83' lang='lat' dir='ltr'>erubescamus.</span> 
     </span>
    </p>

    <p class='ocr_par' dir='ltr' id='par_1_4' title="bbox 117 464 1814 1441">
     <span class='ocr_line' id='line_1_5' title="bbox 267 464 1764 523; baseline 0.009 -19"><span class='ocrx_word' id='word_1_18' title='bbox 267 464 409 507; x_wconf 86' lang='lat' dir='ltr'>Nunc</span> <span class='ocrx_word' id='word_1_19' title='bbox 456 467 730 509; x_wconf 84' lang='lat' dir='ltr'>videndum</span> <span class='ocrx_word' id='word_1_20' title='bbox 776 474 870 520; x_wconf 80' lang='lat' dir='ltr'>est,</span> <span class='ocrx_word' id='word_1_21' title='bbox 922 472 1106 523; x_wconf 84' lang='lat' dir='ltr'>quibus</span> <span class='ocrx_word' id='word_1_22' title='bbox 1157 473 1222 513; x_wconf 88' lang='lat' dir='ltr'>sit</span> <span class='ocrx_word' id='word_1_23' title='bbox 1268 486 1580 516; x_wconf 87' lang='lat' dir='ltr'>concessum.</span> <span class='ocrx_word' id='word_1_24' title='bbox 1651 476 1764 517; x_wconf 88' lang='lat' dir='ltr'>Con-</span> 
     </span>
     <span class='ocr_line' id='line_1_6' title="bbox 125 542 1764 599; baseline 0.009 -21"><span class='ocrx_word' id='word_1_25' title='bbox 125 552 293 580; x_wconf 86' lang='lat' dir='ltr'>cessum</span> <span class='ocrx_word' id='word_1_26' title='bbox 337 544 400 581; x_wconf 86' lang='lat' dir='ltr'>est</span> <span class='ocrx_word' id='word_1_27' title='bbox 445 542 718 585; x_wconf 70' lang='lat' dir='ltr'>solummodo</span> <span class='ocrx_word' id='word_1_28' title='bbox 761 546 940 587; x_wconf 88' lang='lat' dir='ltr'>summis</span> <span class='ocrx_word' id='word_1_29' title='bbox 981 547 1269 599; x_wconf 89' lang='lat' dir='ltr'>pontificibus.</span> <span class='ocrx_word' id='word_1_30' title='bbox 1345 549 1468 590; x_wconf 88' lang='lat' dir='ltr'>Unde</span> <span class='ocrx_word' id='word_1_31' title='bbox 1511 550 1764 593; x_wconf 76' lang='lat' dir='ltr'>Eusebius</span> 
     </span>
     <span class='ocr_line' id='line_1_7' title="bbox 125 616 1800 672; baseline 0.008 -17"><span class='ocrx_word' id='word_1_32' title='bbox 125 616 334 668; x_wconf 85' lang='lat' dir='ltr'>episcopis</span> <span class='ocrx_word' id='word_1_33' title='bbox 385 631 461 669; x_wconf 88' lang='lat' dir='ltr'>per</span> <span class='ocrx_word' id='word_1_34' title='bbox 512 619 795 672; x_wconf 73' lang='lat' dir='ltr'>Campaniam</span> <span class='ocrx_word' id='word_1_35' title='bbox 852 623 1094 664; x_wconf 86' lang='lat' dir='ltr'>constitutis</span> <span class='ocrx_word' id='word_1_36' title='bbox 1145 625 1291 666; x_wconf 86' lang='lat' dir='ltr'>scribit</span> <span class='ocrx_word' id='word_1_37' title='bbox 1336 626 1377 665; x_wconf 89' lang='lat' dir='ltr'>in</span> <span class='ocrx_word' id='word_1_38' title='bbox 1424 627 1529 668; x_wconf 81' lang='lat' dir='ltr'>haec</span> <span class='ocrx_word' id='word_1_39' title='bbox 1576 629 1800 669; x_wconf 77' lang='lat' dir='ltr'>verbalz5</span> 
     </span>
     <span class='ocr_line' id='line_1_8' title="bbox 125 692 1759 752; baseline 0.009 -22"><span class='ocrx_word' id='word_1_40' title='bbox 125 692 290 741; x_wconf 85' lang='lat' dir='ltr'>‚Manus</span> <span class='ocrx_word' id='word_1_41' title='bbox 330 693 616 745; x_wconf 77' lang='lat' dir='ltr'>impositionis</span> <span class='ocrx_word' id='word_1_42' title='bbox 656 701 975 739; x_wconf 83' lang='lat' dir='ltr'>sacramentum</span> <span class='ocrx_word' id='word_1_43' title='bbox 1017 713 1174 752; x_wconf 80' lang='lat' dir='ltr'>magna</span> <span class='ocrx_word' id='word_1_44' title='bbox 1207 702 1485 743; x_wconf 85' lang='lat' dir='ltr'>veneratione</span> <span class='ocrx_word' id='word_1_45' title='bbox 1527 704 1759 745; x_wconf 85' lang='lat' dir='ltr'>tenendum</span> 
     </span>
     <span class='ocr_line' id='line_1_9' title="bbox 123 769 1762 827; baseline 0.009 -21"><span class='ocrx_word' id='word_1_46' title='bbox 123 770 199 817; x_wconf 86' lang='lat' dir='ltr'>est,</span> <span class='ocrx_word' id='word_1_47' title='bbox 236 769 350 819; x_wconf 85' lang='lat' dir='ltr'>quod</span> <span class='ocrx_word' id='word_1_48' title='bbox 387 770 441 810; x_wconf 82' lang='lat' dir='ltr'>ab</span> <span class='ocrx_word' id='word_1_49' title='bbox 476 771 567 811; x_wconf 84' lang='lat' dir='ltr'>aliis</span> <span class='ocrx_word' id='word_1_50' title='bbox 600 773 744 824; x_wconf 82' lang='lat' dir='ltr'>perfici</span> <span class='ocrx_word' id='word_1_51' title='bbox 779 787 863 815; x_wconf 90' lang='lat' dir='ltr'>non</span> <span class='ocrx_word' id='word_1_52' title='bbox 898 778 1041 827; x_wconf 84' lang='lat' dir='ltr'>potest</span> <span class='ocrx_word' id='word_1_53' title='bbox 1075 776 1153 816; x_wconf 88' lang='lat' dir='ltr'>nisi</span> <span class='ocrx_word' id='word_1_54' title='bbox 1188 791 1213 818; x_wconf 90' lang='lat' dir='ltr'>a</span> <span class='ocrx_word' id='word_1_55' title='bbox 1247 778 1426 818; x_wconf 87' lang='lat' dir='ltr'>summis</span> <span class='ocrx_word' id='word_1_56' title='bbox 1462 780 1762 821; x_wconf 88' lang='lat' dir='ltr'>sacerdotibus</span> 
     </span>
     <span class='ocr_line' id='line_1_10' title="bbox 123 847 1760 907; baseline 0.009 -24"><span class='ocrx_word' id='word_1_57' title='bbox 123 856 199 884; x_wconf 91' lang='lat' dir='ltr'>nec</span> <span class='ocrx_word' id='word_1_58' title='bbox 232 847 428 897; x_wconf 87' lang='lat' dir='ltr'>tempore</span> <span class='ocrx_word' id='word_1_59' title='bbox 462 848 758 899; x_wconf 86' lang='lat' dir='ltr'>apostolorum</span> <span class='ocrx_word' id='word_1_60' title='bbox 793 851 848 891; x_wconf 82' lang='lat' dir='ltr'>ab</span> <span class='ocrx_word' id='word_1_61' title='bbox 883 851 974 891; x_wconf 83' lang='lat' dir='ltr'>aliis</span> <span class='ocrx_word' id='word_1_62' title='bbox 1008 865 1138 904; x_wconf 80' lang='lat' dir='ltr'>quam</span> <span class='ocrx_word' id='word_1_63' title='bbox 1168 853 1223 893; x_wconf 89' lang='lat' dir='ltr'>ab</span> <span class='ocrx_word' id='word_1_64' title='bbox 1251 854 1458 906; x_wconf 82' lang='lat' dir='ltr'>apostolis</span> <span class='ocrx_word' id='word_1_65' title='bbox 1488 855 1641 907; x_wconf 81' lang='lat' dir='ltr'>legitur</span> <span class='ocrx_word' id='word_1_66' title='bbox 1668 870 1760 897; x_wconf 89' lang='lat' dir='ltr'>esse</span> 
     </span>
     <span class='ocr_line' id='line_1_11' title="bbox 121 919 1758 984; baseline 0.008 -25"><span class='ocrx_word' id='word_1_67' title='bbox 121 919 294 970; x_wconf 84' lang='lat' dir='ltr'>factum,</span> <span class='ocrx_word' id='word_1_68' title='bbox 340 935 416 962; x_wconf 88' lang='lat' dir='ltr'>nec</span> <span class='ocrx_word' id='word_1_69' title='bbox 461 924 516 964; x_wconf 88' lang='lat' dir='ltr'>ab</span> <span class='ocrx_word' id='word_1_70' title='bbox 562 924 655 965; x_wconf 87' lang='lat' dir='ltr'>aliis</span> <span class='ocrx_word' id='word_1_71' title='bbox 701 938 831 977; x_wconf 83' lang='lat' dir='ltr'>quam</span> <span class='ocrx_word' id='word_1_72' title='bbox 877 927 948 979; x_wconf 90' lang='lat' dir='ltr'>qui</span> <span class='ocrx_word' id='word_1_73' title='bbox 983 941 1130 968; x_wconf 89' lang='lat' dir='ltr'>eorum</span> <span class='ocrx_word' id='word_1_74' title='bbox 1176 929 1318 970; x_wconf 92' lang='lat' dir='ltr'>locum</span> <span class='ocrx_word' id='word_1_75' title='bbox 1362 933 1522 981; x_wconf 81' lang='lat' dir='ltr'>tenent,</span> <span class='ocrx_word' id='word_1_76' title='bbox 1568 945 1758 984; x_wconf 84' lang='lat' dir='ltr'>unquam</span> 
     </span>
     <span class='ocr_line' id='line_1_12' title="bbox 120 996 1814 1059; baseline 0.008 -24"><span class='ocrx_word' id='word_1_77' title='bbox 120 996 210 1036; x_wconf 85' lang='lat' dir='ltr'>fieri</span> <span class='ocrx_word' id='word_1_78' title='bbox 242 999 386 1048; x_wconf 86' lang='lat' dir='ltr'>potest</span> <span class='ocrx_word' id='word_1_79' title='bbox 418 1002 493 1039; x_wconf 89' lang='lat' dir='ltr'>aut</span> <span class='ocrx_word' id='word_1_80' title='bbox 526 1000 615 1040; x_wconf 85' lang='lat' dir='ltr'>fieri</span> <span class='ocrx_word' id='word_1_81' title='bbox 650 1001 790 1043; x_wconf 87' lang='lat' dir='ltr'>debet.</span> <span class='ocrx_word' id='word_1_82' title='bbox 854 1003 966 1044; x_wconf 87' lang='lat' dir='ltr'>Nam</span> <span class='ocrx_word' id='word_1_83' title='bbox 1009 1004 1043 1044; x_wconf 92' lang='lat' dir='ltr'>si</span> <span class='ocrx_word' id='word_1_84' title='bbox 1085 1005 1208 1046; x_wconf 86' lang='lat' dir='ltr'>aliter</span> <span class='ocrx_word' id='word_1_85' title='bbox 1247 1010 1575 1059; x_wconf 85' lang='lat' dir='ltr'>praesumptum</span> <span class='ocrx_word' id='word_1_86' title='bbox 1617 1008 1755 1058; x_wconf 88' lang='lat' dir='ltr'>fuerit,</span> <span class='ocrx_word' id='word_1_87' title='bbox 1782 1024 1814 1049; x_wconf 93' lang='lat'>10</span> 
     </span>
     <span class='ocr_line' id='line_1_13' title="bbox 121 1072 1760 1126; baseline 0.009 -15"><span class='ocrx_word' id='word_1_88' title='bbox 121 1072 285 1112; x_wconf 85' lang='lat' dir='ltr'>irritum</span> <span class='ocrx_word' id='word_1_89' title='bbox 321 1074 399 1114; x_wconf 87' lang='lat' dir='ltr'>erit</span> <span class='ocrx_word' id='word_1_90' title='bbox 433 1077 474 1116; x_wconf 86' lang='lat' dir='ltr'>et</span> <span class='ocrx_word' id='word_1_91' title='bbox 509 1089 690 1117; x_wconf 88' lang='lat' dir='ltr'>vacuum</span> <span class='ocrx_word' id='word_1_92' title='bbox 726 1080 767 1119; x_wconf 88' lang='lat' dir='ltr'>et</span> <span class='ocrx_word' id='word_1_93' title='bbox 801 1079 910 1119; x_wconf 83' lang='lat' dir='ltr'>inter</span> <span class='ocrx_word' id='word_1_94' title='bbox 942 1081 1231 1122; x_wconf 86' lang='lat' dir='ltr'>ecclesiastica</span> <span class='ocrx_word' id='word_1_95' title='bbox 1270 1087 1543 1125; x_wconf 84' lang='lat' dir='ltr'>sacramenta</span> <span class='ocrx_word' id='word_1_96' title='bbox 1584 1085 1760 1126; x_wconf 88' lang='lat' dir='ltr'>minime</span> 
     </span>
     <span class='ocr_line' id='line_1_14' title="bbox 118 1149 1759 1206; baseline 0.009 -19"><span class='ocrx_word' id='word_1_97' title='bbox 118 1149 439 1199; x_wconf 76' lang='lat' dir='ltr'>reputandum‘.</span> <span class='ocrx_word' id='word_1_98' title='bbox 498 1151 621 1193; x_wconf 82' lang='lat' dir='ltr'>Unde</span> <span class='ocrx_word' id='word_1_99' title='bbox 653 1153 988 1196; x_wconf 75' lang='lat' dir='ltr'>Innocentius</span> <span class='ocrx_word' id='word_1_100' title='bbox 1008 1159 1041 1197; x_wconf 77' lang='lat'>2:</span> <span class='ocrx_word' id='word_1_101' title='bbox 1079 1156 1255 1206; x_wconf 83' lang='lat' dir='ltr'>‚Pueros</span> <span class='ocrx_word' id='word_1_102' title='bbox 1283 1158 1334 1198; x_wconf 85' lang='lat' dir='ltr'>de</span> <span class='ocrx_word' id='word_1_103' title='bbox 1359 1172 1482 1199; x_wconf 85' lang='lat' dir='ltr'>sacro</span> <span class='ocrx_word' id='word_1_104' title='bbox 1516 1160 1632 1201; x_wconf 82' lang='lat' dir='ltr'>fonte</span> <span class='ocrx_word' id='word_1_105' title='bbox 1666 1174 1759 1201; x_wconf 92' lang='lat' dir='ltr'>sus-</span> 
     </span>
     <span class='ocr_line' id='line_1_15' title="bbox 119 1225 1758 1289; baseline 0.009 -26"><span class='ocrx_word' id='word_1_106' title='bbox 119 1226 265 1275; x_wconf 89' lang='lat' dir='ltr'>ceptos</span> <span class='ocrx_word' id='word_1_107' title='bbox 307 1225 431 1266; x_wconf 85' lang='lat' dir='ltr'>liceat</span> <span class='ocrx_word' id='word_1_108' title='bbox 473 1228 770 1270; x_wconf 86' lang='lat' dir='ltr'>sacerdotibus</span> <span class='ocrx_word' id='word_1_109' title='bbox 809 1232 1110 1282; x_wconf 84' lang='lat' dir='ltr'>praesentibus</span> <span class='ocrx_word' id='word_1_110' title='bbox 1152 1233 1216 1274; x_wconf 86' lang='lat' dir='ltr'>Vel</span> <span class='ocrx_word' id='word_1_111' title='bbox 1255 1234 1507 1275; x_wconf 77' lang='lat' dir='ltr'>absentibus</span> <span class='ocrx_word' id='word_1_112' title='bbox 1547 1236 1758 1289; x_wconf 87' lang='lat' dir='ltr'>episcopis</span> 
     </span>
     <span class='ocr_line' id='line_1_16' title="bbox 119 1301 1756 1364; baseline 0.009 -25"><span class='ocrx_word' id='word_1_113' title='bbox 119 1302 248 1351; x_wconf 84' lang='lat' dir='ltr'>caput</span> <span class='ocrx_word' id='word_1_114' title='bbox 277 1301 495 1352; x_wconf 78' lang='lat' dir='ltr'>inungere,</span> <span class='ocrx_word' id='word_1_115' title='bbox 519 1316 602 1344; x_wconf 93' lang='lat' dir='ltr'>non</span> <span class='ocrx_word' id='word_1_116' title='bbox 633 1307 778 1346; x_wconf 84' lang='lat' dir='ltr'>tamen</span> <span class='ocrx_word' id='word_1_117' title='bbox 808 1306 860 1347; x_wconf 92' lang='lat' dir='ltr'>de</span> <span class='ocrx_word' id='word_1_118' title='bbox 888 1307 1038 1348; x_wconf 89' lang='lat' dir='ltr'>eodem</span> <span class='ocrx_word' id='word_1_119' title='bbox 1070 1313 1073 1358; x_wconf 72' lang='grc' dir='ltr'><strong>Ῑ</strong></span> <span class='ocrx_word' id='word_1_120' title='bbox 1104 1308 1334 1351; x_wconf 86' lang='lat' dir='ltr'>chrismate</span> <span class='ocrx_word' id='word_1_121' title='bbox 1361 1310 1544 1352; x_wconf 86' lang='lat' dir='ltr'>frontem</span> <span class='ocrx_word' id='word_1_122' title='bbox 1574 1312 1756 1364; x_wconf 79' lang='lat' dir='ltr'>signare,</span> 
     </span>
     <span class='ocr_line' id='line_1_17' title="bbox 117 1377 1810 1441; baseline 0.008 -25"><span class='ocrx_word' id='word_1_123' title='bbox 117 1377 231 1427; x_wconf 84' lang='lat' dir='ltr'>quod</span> <span class='ocrx_word' id='word_1_124' title='bbox 255 1377 355 1418; x_wconf 89' lang='lat' dir='ltr'>solis</span> <span class='ocrx_word' id='word_1_125' title='bbox 377 1379 588 1432; x_wconf 88' lang='lat' dir='ltr'>episcopis</span> <span class='ocrx_word' id='word_1_126' title='bbox 609 1382 673 1421; x_wconf 92' lang='lat' dir='ltr'>est</span> <span class='ocrx_word' id='word_1_127' title='bbox 696 1383 1021 1433; x_wconf 81' lang='lat' dir='ltr'>reservandum,</span> <span class='ocrx_word' id='word_1_128' title='bbox 1040 1397 1135 1425; x_wconf 89' lang='lat' dir='ltr'>cum</span> <span class='ocrx_word' id='word_1_129' title='bbox 1153 1385 1280 1426; x_wconf 90' lang='lat' dir='ltr'>datur</span> <span class='ocrx_word' id='word_1_130' title='bbox 1300 1386 1460 1428; x_wconf 86' lang='lat' dir='ltr'>scilicet</span> <span class='ocrx_word' id='word_1_131' title='bbox 1475 1387 1753 1441; x_wconf 76' lang='lat' dir='ltr'>Paraclytus‘.</span> <span class='ocrx_word' id='word_1_132' title='bbox 1778 1401 1810 1426; x_wconf 86' lang='lat'>15</span> 
     </span>
    </p>

    <p class='ocr_par' dir='ltr' id='par_1_5' title="bbox 111 1452 1806 2031">
     <span class='ocr_line' id='line_1_18' title="bbox 258 1452 1756 1514; baseline 0.008 -20"><span class='ocrx_word' id='word_1_133' title='bbox 258 1452 396 1503; x_wconf 84' lang='lat' dir='ltr'>Quae</span> <span class='ocrx_word' id='word_1_134' title='bbox 430 1455 495 1496; x_wconf 86' lang='lat' dir='ltr'>sit</span> <span class='ocrx_word' id='word_1_135' title='bbox 526 1456 690 1497; x_wconf 85' lang='lat' dir='ltr'>virtus</span> <span class='ocrx_word' id='word_1_136' title='bbox 724 1458 800 1498; x_wconf 82' lang='lat' dir='ltr'>vel</span> <span class='ocrx_word' id='word_1_137' title='bbox 837 1459 1075 1500; x_wconf 76' lang='lat' dir='ltr'>efficacia</span> <span class='ocrx_word' id='word_1_138' title='bbox 1115 1460 1264 1502; x_wconf 88' lang='lat' dir='ltr'>huius</span> <span class='ocrx_word' id='word_1_139' title='bbox 1304 1464 1638 1514; x_wconf 74' lang='lat' dir='ltr'>sacramenti,</span> <span class='ocrx_word' id='word_1_140' title='bbox 1682 1466 1756 1505; x_wconf 89' lang='lat' dir='ltr'>vi-</span> 
     </span>
     <span class='ocr_line' id='line_1_19' title="bbox 116 1527 1756 1581; baseline 0.008 -13"><span class='ocrx_word' id='word_1_141' title='bbox 116 1527 331 1569; x_wconf 89' lang='lat' dir='ltr'>dendum</span> <span class='ocrx_word' id='word_1_142' title='bbox 374 1537 459 1572; x_wconf 86' lang='lat' dir='ltr'>est.</span> <span class='ocrx_word' id='word_1_143' title='bbox 527 1532 668 1573; x_wconf 80' lang='lat' dir='ltr'>Virtus</span> <span class='ocrx_word' id='word_1_144' title='bbox 714 1534 780 1575; x_wconf 88' lang='lat' dir='ltr'>vel</span> <span class='ocrx_word' id='word_1_145' title='bbox 826 1534 1017 1576; x_wconf 87' lang='lat' dir='ltr'>efficacia</span> <span class='ocrx_word' id='word_1_146' title='bbox 1058 1536 1185 1577; x_wconf 89' lang='lat' dir='ltr'>huius</span> <span class='ocrx_word' id='word_1_147' title='bbox 1226 1539 1487 1579; x_wconf 78' lang='lat' dir='ltr'>sacramenti</span> <span class='ocrx_word' id='word_1_148' title='bbox 1528 1543 1591 1581; x_wconf 81' lang='lat' dir='ltr'>est</span> <span class='ocrx_word' id='word_1_149' title='bbox 1623 1540 1756 1581; x_wconf 87' lang='lat' dir='ltr'>robur</span> 
     </span>
     <span class='ocr_line' id='line_1_20' title="bbox 115 1604 1754 1664; baseline 0.009 -21"><span class='ocrx_word' id='word_1_150' title='bbox 115 1606 156 1643; x_wconf 88' lang='lat' dir='ltr'>et</span> <span class='ocrx_word' id='word_1_151' title='bbox 189 1604 394 1646; x_wconf 83' lang='lat' dir='ltr'>fortitudo</span> <span class='ocrx_word' id='word_1_152' title='bbox 428 1607 510 1656; x_wconf 84' lang='lat' dir='ltr'>illa,</span> <span class='ocrx_word' id='word_1_153' title='bbox 557 1621 642 1660; x_wconf 84' lang='lat' dir='ltr'>qua</span> <span class='ocrx_word' id='word_1_154' title='bbox 679 1611 830 1651; x_wconf 90' lang='lat' dir='ltr'>contra</span> <span class='ocrx_word' id='word_1_155' title='bbox 863 1610 1084 1652; x_wconf 83' lang='lat' dir='ltr'>diabolum</span> <span class='ocrx_word' id='word_1_156' title='bbox 1117 1625 1379 1664; x_wconf 83' lang='lat' dir='ltr'>pugnamus.</span> <span class='ocrx_word' id='word_1_157' title='bbox 1445 1614 1568 1656; x_wconf 85' lang='lat' dir='ltr'>Unde</span> <span class='ocrx_word' id='word_1_158' title='bbox 1602 1616 1754 1657; x_wconf 91' lang='lat' dir='ltr'>Inno-</span> 
     </span>
     <span class='ocr_line' id='line_1_21' title="bbox 115 1680 1754 1744; baseline 0.009 -25"><span class='ocrx_word' id='word_1_159' title='bbox 115 1680 329 1722; x_wconf 88' lang='lat' dir='ltr'>centius:</span> <span class='ocrx_word' id='word_1_160' title='bbox 378 1682 724 1731; x_wconf 79' lang='lat' dir='ltr'>‚Sacramentum</span> <span class='ocrx_word' id='word_1_161' title='bbox 765 1686 969 1738; x_wconf 88' lang='lat' dir='ltr'>baptismi</span> <span class='ocrx_word' id='word_1_162' title='bbox 1010 1689 1123 1728; x_wconf 89' lang='lat' dir='ltr'>valet</span> <span class='ocrx_word' id='word_1_163' title='bbox 1162 1689 1217 1730; x_wconf 90' lang='lat' dir='ltr'>ad</span> <span class='ocrx_word' id='word_1_164' title='bbox 1260 1690 1556 1731; x_wconf 80' lang='lat' dir='ltr'>remissionem</span> <span class='ocrx_word' id='word_1_165' title='bbox 1599 1705 1754 1744; x_wconf 86' lang='lat' dir='ltr'>pecca-</span> 
     </span>
     <span class='ocr_line' id='line_1_22' title="bbox 113 1758 1806 1817; baseline 0.009 -22"><span class='ocrx_word' id='word_1_166' title='bbox 113 1758 270 1806; x_wconf 82' lang='lat' dir='ltr'>torum,</span> <span class='ocrx_word' id='word_1_167' title='bbox 304 1763 622 1801; x_wconf 87' lang='lat' dir='ltr'>sacramentum</span> <span class='ocrx_word' id='word_1_168' title='bbox 658 1762 999 1804; x_wconf 88' lang='lat' dir='ltr'>confirmationis</span> <span class='ocrx_word' id='word_1_169' title='bbox 1032 1764 1086 1804; x_wconf 92' lang='lat' dir='ltr'>ad</span> <span class='ocrx_word' id='word_1_170' title='bbox 1120 1777 1308 1817; x_wconf 78' lang='lat' dir='ltr'>pugnam</span> <span class='ocrx_word' id='word_1_171' title='bbox 1344 1767 1574 1809; x_wconf 78' lang='lat' dir='ltr'>vitiorum‘.</span> <span class='ocrx_word' id='word_1_172' title='bbox 1632 1768 1751 1810; x_wconf 88' lang='lat' dir='ltr'>Unde</span> <span class='ocrx_word' id='word_1_173' title='bbox 1771 1786 1806 1812; x_wconf 84' lang='lat'>20</span> 
     </span>
     <span class='ocr_line' id='line_1_23' title="bbox 113 1831 1752 1895; baseline 0.009 -23"><span class='ocrx_word' id='word_1_174' title='bbox 113 1831 348 1874; x_wconf 89' lang='lat' dir='ltr'>Urbanus</span> <span class='ocrx_word' id='word_1_175' title='bbox 367 1836 398 1875; x_wconf 77' lang='lat'>3:</span> <span class='ocrx_word' id='word_1_176' title='bbox 431 1835 481 1884; x_wconf 82' lang='lat' dir='ltr'>‚A</span> <span class='ocrx_word' id='word_1_177' title='bbox 507 1837 686 1877; x_wconf 86' lang='lat' dir='ltr'>summis</span> <span class='ocrx_word' id='word_1_178' title='bbox 707 1838 982 1890; x_wconf 85' lang='lat' dir='ltr'>pontificibus</span> <span class='ocrx_word' id='word_1_179' title='bbox 1003 1853 1080 1892; x_wconf 83' lang='lat' dir='ltr'>per</span> <span class='ocrx_word' id='word_1_180' title='bbox 1101 1854 1255 1882; x_wconf 89' lang='lat' dir='ltr'>manus</span> <span class='ocrx_word' id='word_1_181' title='bbox 1277 1842 1594 1895; x_wconf 81' lang='lat' dir='ltr'>impositIOnem</span> <span class='ocrx_word' id='word_1_182' title='bbox 1624 1845 1752 1886; x_wconf 90' lang='lat' dir='ltr'>datur</span> 
     </span>
     <span class='ocr_line' id='line_1_24' title="bbox 112 1907 1749 1974; baseline 0.01 -27"><span class='ocrx_word' id='word_1_183' title='bbox 112 1907 338 1960; x_wconf 84' lang='lat' dir='ltr'>baptizatis</span> <span class='ocrx_word' id='word_1_184' title='bbox 377 1910 560 1963; x_wconf 85' lang='lat' dir='ltr'>Spiritus</span> <span class='ocrx_word' id='word_1_185' title='bbox 594 1913 859 1966; x_wconf 81' lang='lat' dir='ltr'>Paraclytus‚</span> <span class='ocrx_word' id='word_1_186' title='bbox 905 1918 952 1956; x_wconf 88' lang='lat' dir='ltr'>ut</span> <span class='ocrx_word' id='word_1_187' title='bbox 993 1916 1087 1958; x_wconf 88' lang='lat' dir='ltr'>aliis</span> <span class='ocrx_word' id='word_1_188' title='bbox 1125 1918 1377 1969; x_wconf 86' lang='lat' dir='ltr'>praedicent</span> <span class='ocrx_word' id='word_1_189' title='bbox 1416 1920 1532 1972; x_wconf 83' lang='lat' dir='ltr'>quod</span> <span class='ocrx_word' id='word_1_190' title='bbox 1566 1921 1608 1961; x_wconf 89' lang='lat' dir='ltr'>in</span> <span class='ocrx_word' id='word_1_191' title='bbox 1644 1922 1749 1974; x_wconf 86' lang='lat' dir='ltr'>bap-</span> 
     </span>
     <span class='ocr_line' id='line_1_25' title="bbox 111 1983 652 2031; baseline 0.011 -7"><span class='ocrx_word' id='word_1_192' title='bbox 111 1983 238 2026; x_wconf 90' lang='lat' dir='ltr'>tismo</span> <span class='ocrx_word' id='word_1_193' title='bbox 272 1990 372 2027; x_wconf 92' lang='lat' dir='ltr'>sunt</span> <span class='ocrx_word' id='word_1_194' title='bbox 405 1989 652 2031; x_wconf 82' lang='lat' dir='ltr'>consecuti‘.</span> 
     </span>
    </p>

    <p class='ocr_par' dir='ltr' id='par_1_6' title="bbox 108 2061 1802 2501">
     <span class='ocr_line' id='line_1_26' title="bbox 253 2061 1745 2117; baseline 0.009 -15"><span class='ocrx_word' id='word_1_195' title='bbox 253 2061 394 2104; x_wconf 92' lang='lat' dir='ltr'>Nunc</span> <span class='ocrx_word' id='word_1_196' title='bbox 438 2064 709 2106; x_wconf 86' lang='lat' dir='ltr'>videndum</span> <span class='ocrx_word' id='word_1_197' title='bbox 755 2069 854 2117; x_wconf 79' lang='lat' dir='ltr'>est,</span> <span class='ocrx_word' id='word_1_198' title='bbox 901 2081 962 2108; x_wconf 86' lang='lat' dir='ltr'>an</span> <span class='ocrx_word' id='word_1_199' title='bbox 1002 2069 1238 2111; x_wconf 86' lang='lat' dir='ltr'>omnibus</span> <span class='ocrx_word' id='word_1_200' title='bbox 1277 2071 1342 2111; x_wconf 91' lang='lat' dir='ltr'>sit</span> <span class='ocrx_word' id='word_1_201' title='bbox 1384 2073 1745 2116; x_wconf 89' lang='lat' dir='ltr'>necessarium.</span> 
     </span>
     <span class='ocr_line' id='line_1_27' title="bbox 111 2135 1802 2199; baseline 0.011 -23"><span class='ocrx_word' id='word_1_202' title='bbox 111 2135 321 2179; x_wconf 87' lang='lat' dir='ltr'>Omnibus</span> <span class='ocrx_word' id='word_1_203' title='bbox 354 2142 644 2182; x_wconf 86' lang='lat' dir='ltr'>necessarium</span> <span class='ocrx_word' id='word_1_204' title='bbox 673 2145 750 2193; x_wconf 87' lang='lat' dir='ltr'>est,</span> <span class='ocrx_word' id='word_1_205' title='bbox 783 2146 831 2184; x_wconf 93' lang='lat' dir='ltr'>ut</span> <span class='ocrx_word' id='word_1_206' title='bbox 863 2144 922 2185; x_wconf 89' lang='lat' dir='ltr'>ait</span> <span class='ocrx_word' id='word_1_207' title='bbox 951 2145 1186 2187; x_wconf 86' lang='lat' dir='ltr'>Urbanus</span> <span class='ocrx_word' id='word_1_208' title='bbox 1218 2149 1401 2199; x_wconf 73' lang='lat' dir='ltr'>papa4:</span> <span class='ocrx_word' id='word_1_209' title='bbox 1437 2148 1613 2198; x_wconf 88' lang='lat' dir='ltr'>‚Omnes</span> <span class='ocrx_word' id='word_1_210' title='bbox 1640 2151 1747 2193; x_wconf 89' lang='lat' dir='ltr'>fide-</span> <span class='ocrx_word' id='word_1_211' title='bbox 1769 2169 1802 2195; x_wconf 77' lang='lat'>25</span> 
     </span>
     <span class='ocr_line' id='line_1_28' title="bbox 110 2212 1744 2277; baseline 0.009 -24"><span class='ocrx_word' id='word_1_212' title='bbox 110 2212 170 2253; x_wconf 88' lang='lat' dir='ltr'>les</span> <span class='ocrx_word' id='word_1_213' title='bbox 221 2214 274 2255; x_wconf 88' lang='lat' dir='ltr'>ad</span> <span class='ocrx_word' id='word_1_214' title='bbox 326 2220 645 2258; x_wconf 81' lang='lat' dir='ltr'>sacramentum</span> <span class='ocrx_word' id='word_1_215' title='bbox 701 2220 1041 2262; x_wconf 87' lang='lat' dir='ltr'>confirmationis</span> <span class='ocrx_word' id='word_1_216' title='bbox 1092 2235 1168 2274; x_wconf 85' lang='lat' dir='ltr'>per</span> <span class='ocrx_word' id='word_1_217' title='bbox 1218 2236 1373 2264; x_wconf 82' lang='lat' dir='ltr'>manus</span> <span class='ocrx_word' id='word_1_218' title='bbox 1424 2225 1744 2277; x_wconf 88' lang='lat' dir='ltr'>impositionem</span> 
     </span>
     <span class='ocr_line' id='line_1_29' title="bbox 109 2289 1747 2349; baseline 0.009 -20"><span class='ocrx_word' id='word_1_219' title='bbox 109 2289 411 2343; x_wconf 88' lang='lat' dir='ltr'>episcoporum</span> <span class='ocrx_word' id='word_1_220' title='bbox 452 2294 674 2344; x_wconf 85' lang='lat' dir='ltr'>accedant,</span> <span class='ocrx_word' id='word_1_221' title='bbox 719 2298 765 2337; x_wconf 91' lang='lat' dir='ltr'>ut</span> <span class='ocrx_word' id='word_1_222' title='bbox 805 2297 993 2349; x_wconf 87' lang='lat' dir='ltr'>perfecte</span> <span class='ocrx_word' id='word_1_223' title='bbox 1031 2298 1250 2339; x_wconf 82' lang='lat' dir='ltr'>christiani</span> <span class='ocrx_word' id='word_1_224' title='bbox 1290 2299 1591 2342; x_wconf 86' lang='lat' dir='ltr'>inveniantur‘.</span> <span class='ocrx_word' id='word_1_225' title='bbox 1655 2303 1747 2345; x_wconf 89' lang='lat' dir='ltr'>Hoc</span> 
     </span>
     <span class='ocr_line' id='line_1_30' title="bbox 109 2363 1742 2432; baseline 0.009 -28"><span class='ocrx_word' id='word_1_226' title='bbox 109 2363 220 2406; x_wconf 90' lang='lat' dir='ltr'>idem</span> <span class='ocrx_word' id='word_1_227' title='bbox 257 2366 357 2408; x_wconf 88' lang='lat' dir='ltr'>dicit</span> <span class='ocrx_word' id='word_1_228' title='bbox 390 2368 622 2411; x_wconf 84' lang='lat' dir='ltr'>Clemens</span> <span class='ocrx_word' id='word_1_229' title='bbox 654 2384 785 2424; x_wconf 87' lang='lat' dir='ltr'>papa</span> <span class='ocrx_word' id='word_1_230' title='bbox 807 2373 842 2413; x_wconf 81' lang='lat'>5:</span> <span class='ocrx_word' id='word_1_231' title='bbox 890 2373 1001 2423; x_wconf 80' lang='lat' dir='ltr'>‚Non</span> <span class='ocrx_word' id='word_1_232' title='bbox 1036 2376 1099 2414; x_wconf 90' lang='lat' dir='ltr'>est</span> <span class='ocrx_word' id='word_1_233' title='bbox 1131 2375 1318 2426; x_wconf 86' lang='lat' dir='ltr'>perfecte</span> <span class='ocrx_word' id='word_1_234' title='bbox 1351 2375 1624 2429; x_wconf 84' lang='lat' dir='ltr'>christianus,</span> <span class='ocrx_word' id='word_1_235' title='bbox 1669 2380 1742 2432; x_wconf 84' lang='lat' dir='ltr'>qui</span> 
     </span>
     <span class='ocr_line' id='line_1_31' title="bbox 108 2444 1743 2501; baseline 0.009 -20"><span class='ocrx_word' id='word_1_236' title='bbox 108 2454 184 2492; x_wconf 90' lang='lat' dir='ltr'>per</span> <span class='ocrx_word' id='word_1_237' title='bbox 206 2455 361 2484; x_wconf 89' lang='lat' dir='ltr'>manus</span> <span class='ocrx_word' id='word_1_238' title='bbox 388 2444 707 2497; x_wconf 86' lang='lat' dir='ltr'>impositionem</span> <span class='ocrx_word' id='word_1_239' title='bbox 735 2448 790 2489; x_wconf 85' lang='lat' dir='ltr'>ab</span> <span class='ocrx_word' id='word_1_240' title='bbox 820 2450 1020 2501; x_wconf 87' lang='lat' dir='ltr'>episcopo</span> <span class='ocrx_word' id='word_1_241' title='bbox 1048 2463 1133 2491; x_wconf 94' lang='lat' dir='ltr'>non</span> <span class='ocrx_word' id='word_1_242' title='bbox 1162 2451 1287 2492; x_wconf 86' lang='lat' dir='ltr'>fuerit</span> <span class='ocrx_word' id='word_1_243' title='bbox 1313 2452 1600 2496; x_wconf 78' lang='lat' dir='ltr'>chrismatus‘.</span> <span class='ocrx_word' id='word_1_244' title='bbox 1648 2455 1743 2497; x_wconf 88' lang='lat' dir='ltr'>Istis</span> 
     </span>
    </p>
   </div>
   <div class='ocr_carea' id='block_1_4' title="bbox 115 2540 637 2550">
    <p class='ocr_par' dir='ltr' id='par_1_7' title="bbox 115 2540 637 2550">
     <span class='ocr_line' id='line_1_32' title="bbox 115 2540 637 2550; baseline 0 0"><span class='ocrx_word' id='word_1_245' title='bbox 115 2540 637 2550; x_wconf 95' lang='lat' dir='ltr'> </span> 
     </span>
    </p>
   </div>
   <div class='ocr_carea' id='block_1_5' title="bbox 108 2592 1742 2754">
    <p class='ocr_par' dir='ltr' id='par_1_8' title="bbox 108 2592 1742 2754">
     <span class='ocr_line' id='line_1_33' title="bbox 251 2592 1740 2640; baseline 0.009 -15"><span class='ocrx_word' id='word_1_246' title='bbox 251 2593 265 2625; x_wconf 86' lang='lat'>1</span> <span class='ocrx_word' id='word_1_247' title='bbox 296 2592 473 2628; x_wconf 83' lang='lat' dir='ltr'>diabolum</span> <span class='ocrx_word' id='word_1_248' title='bbox 500 2595 596 2630; x_wconf 87' lang='lat' dir='ltr'>inim.</span> <span class='ocrx_word' id='word_1_249' title='bbox 623 2599 784 2631; x_wconf 80' lang='lat' dir='ltr'>nostrum</span> <span class='ocrx_word' id='word_1_250' title='bbox 812 2611 877 2634; x_wconf 82' lang='lat' dir='ltr'>om.</span> <span class='ocrx_word' id='word_1_251' title='bbox 904 2600 946 2634; x_wconf 80' lang='grc' dir='ltr'>Β.</span> <span class='ocrx_word' id='word_1_252' title='bbox 1066 2600 1086 2634; x_wconf 87' lang='lat'>8</span> <span class='ocrx_word' id='word_1_253' title='bbox 1114 2600 1156 2633; x_wconf 82' lang='lat' dir='ltr'>ab</span> <span class='ocrx_word' id='word_1_254' title='bbox 1186 2600 1311 2635; x_wconf 84' lang='lat' dir='ltr'>aliis..</span> <span class='ocrx_word' id='word_1_255' title='bbox 1329 2602 1486 2636; x_wconf 75' lang='lat' dir='ltr'>.factum</span> <span class='ocrx_word' id='word_1_256' title='bbox 1513 2615 1579 2638; x_wconf 90' lang='lat' dir='ltr'>nec</span> <span class='ocrx_word' id='word_1_257' title='bbox 1605 2616 1669 2638; x_wconf 82' lang='lat' dir='ltr'>om.</span> <span class='ocrx_word' id='word_1_258' title='bbox 1698 2606 1740 2640; x_wconf 79' lang='grc' dir='ltr'>Β.</span> 
     </span>
     <span class='ocr_line' id='line_1_34' title="bbox 110 2649 1742 2708; baseline 0.009 -25"><span class='ocrx_word' id='word_1_259' title='bbox 110 2650 152 2683; x_wconf 93' lang='grc'>10</span> <span class='ocrx_word' id='word_1_260' title='bbox 178 2649 266 2695; x_wconf 71' lang='lat' dir='ltr'>fieri]</span> <span class='ocrx_word' id='word_1_261' title='bbox 293 2652 415 2695; x_wconf 86' lang='lat' dir='ltr'>perfici</span> <span class='ocrx_word' id='word_1_262' title='bbox 443 2654 484 2687; x_wconf 84' lang='grc' dir='ltr'>Β.</span> <span class='ocrx_word' id='word_1_263' title='bbox 556 2656 599 2689; x_wconf 85' lang='grc'>14</span> <span class='ocrx_word' id='word_1_264' title='bbox 622 2662 701 2699; x_wconf 73' lang='lat' dir='ltr'>post</span> <span class='ocrx_word' id='word_1_265' title='bbox 729 2659 846 2691; x_wconf 75' lang='lat' dir='ltr'>tamen</span> <span class='ocrx_word' id='word_1_266' title='bbox 875 2660 958 2693; x_wconf 71' lang='lat' dir='ltr'>aad.</span> <span class='ocrx_word' id='word_1_267' title='bbox 988 2659 1019 2691; x_wconf 80' lang='lat' dir='ltr'><strong><em>B</em></strong></span> <span class='ocrx_word' id='word_1_268' title='bbox 1044 2659 1139 2693; x_wconf 80' lang='lat' dir='ltr'>licet.</span> <span class='ocrx_word' id='word_1_269' title='bbox 1204 2661 1241 2693; x_wconf 79' lang='lat'>21</span> <span class='ocrx_word' id='word_1_270' title='bbox 1274 2660 1436 2695; x_wconf 80' lang='lat' dir='ltr'>Albanus</span> <span class='ocrx_word' id='word_1_271' title='bbox 1468 2665 1505 2696; x_wconf 75' lang='lat' dir='ltr'>R.</span> <span class='ocrx_word' id='word_1_272' title='bbox 1570 2663 1614 2696; x_wconf 81' lang='lat'>22</span> <span class='ocrx_word' id='word_1_273' title='bbox 1641 2676 1742 2708; x_wconf 86' lang='lat' dir='ltr'>prae-</span> 
     </span>
     <span class='ocr_line' id='line_1_35' title="bbox 108 2708 1166 2754; baseline 0.01 -13"><span class='ocrx_word' id='word_1_274' title='bbox 108 2708 211 2749; x_wconf 73' lang='lat' dir='ltr'>dicet,</span> <span class='ocrx_word' id='word_1_275' title='bbox 239 2711 330 2754; x_wconf 90' lang='lat' dir='ltr'>quod</span> <span class='ocrx_word' id='word_1_276' title='bbox 348 2740 354 2746; x_wconf 93' lang='lat'><strong><em>.</em></strong></span> <span class='ocrx_word' id='word_1_277' title='bbox 372 2741 378 2747; x_wconf 89' lang='lat'>.</span> <span class='ocrx_word' id='word_1_278' title='bbox 395 2715 473 2747; x_wconf 74' lang='lat' dir='ltr'>,est</span> <span class='ocrx_word' id='word_1_279' title='bbox 499 2717 710 2750; x_wconf 81' lang='lat' dir='ltr'>consecutus</span> <span class='ocrx_word' id='word_1_280' title='bbox 738 2717 781 2752; x_wconf 83' lang='grc' dir='ltr'>Β.</span> <span class='ocrx_word' id='word_1_281' title='bbox 878 2718 922 2751; x_wconf 79' lang='grc'>25</span> <span class='ocrx_word' id='word_1_282' title='bbox 951 2720 1006 2751; x_wconf 82' lang='lat' dir='ltr'>est</span> <span class='ocrx_word' id='word_1_283' title='bbox 1032 2730 1096 2752; x_wconf 75' lang='lat' dir='ltr'>om.</span> <span class='ocrx_word' id='word_1_284' title='bbox 1128 2720 1166 2752; x_wconf 77' lang='grc' dir='ltr'>Β.</span> 
     </span>
    </p>
   </div>
   <div class='ocr_carea' id='block_1_6' title="bbox 246 2842 1617 3122">
    <p class='ocr_par' dir='ltr' id='par_1_9' title="bbox 250 2842 976 2887">
     <span class='ocr_line' id='line_1_36' title="bbox 250 2842 976 2887; baseline 0.015 -12"><span class='ocrx_word' id='word_1_285' title='bbox 250 2842 261 2859; x_wconf 85' lang='lat'>¹</span> <span class='ocrx_word' id='word_1_286' title='bbox 288 2843 384 2880; x_wconf 85' lang='lat' dir='ltr'>Pan.</span> <span class='ocrx_word' id='word_1_287' title='bbox 415 2845 439 2885; x_wconf 83' lang='grc' dir='ltr'>Ι,</span> <span class='ocrx_word' id='word_1_288' title='bbox 465 2846 546 2887; x_wconf 80' lang='grc'>115;</span> <span class='ocrx_word' id='word_1_289' title='bbox 574 2859 603 2882; x_wconf 90' lang='lat' dir='ltr'>c.</span> <span class='ocrx_word' id='word_1_290' title='bbox 630 2849 661 2882; x_wconf 89' lang='lat'>4.</span> <span class='ocrx_word' id='word_1_291' title='bbox 691 2849 733 2882; x_wconf 84' lang='lat' dir='ltr'>de</span> <span class='ocrx_word' id='word_1_292' title='bbox 760 2861 855 2885; x_wconf 81' lang='lat' dir='ltr'>cons,</span> <span class='ocrx_word' id='word_1_293' title='bbox 883 2850 915 2884; x_wconf 92' lang='lat' dir='ltr'>d.</span> <span class='ocrx_word' id='word_1_294' title='bbox 944 2852 976 2886; x_wconf 85' lang='lat'>5.</span> 
     </span>
    </p>

    <p class='ocr_par' dir='ltr' id='par_1_10' title="bbox 249 2900 1019 2946">
     <span class='ocr_line' id='line_1_37' title="bbox 249 2900 1019 2946; baseline 0.014 -12"><span class='ocrx_word' id='word_1_295' title='bbox 249 2900 261 2918; x_wconf 72' lang='lat'>‘²</span> <span class='ocrx_word' id='word_1_296' title='bbox 287 2902 385 2937; x_wconf 84' lang='lat' dir='ltr'>Pan.</span> <span class='ocrx_word' id='word_1_297' title='bbox 412 2904 543 2945; x_wconf 85' lang='lat'>1‚116;</span> <span class='ocrx_word' id='word_1_298' title='bbox 572 2918 601 2942; x_wconf 91' lang='lat' dir='ltr'>c.</span> <span class='ocrx_word' id='word_1_299' title='bbox 632 2907 707 2942; x_wconf 88' lang='lat'>119.</span> <span class='ocrx_word' id='word_1_300' title='bbox 736 2908 778 2942; x_wconf 88' lang='lat' dir='ltr'>de</span> <span class='ocrx_word' id='word_1_301' title='bbox 805 2921 899 2943; x_wconf 84' lang='lat' dir='ltr'>cons.</span> <span class='ocrx_word' id='word_1_302' title='bbox 928 2910 960 2946; x_wconf 88' lang='lat' dir='ltr'>d.</span> <span class='ocrx_word' id='word_1_303' title='bbox 986 2911 1019 2945; x_wconf 90' lang='lat'>4.</span> 
     </span>
    </p>

    <p class='ocr_par' dir='ltr' id='par_1_11' title="bbox 246 2959 1617 3065">
     <span class='ocr_line' id='line_1_38' title="bbox 249 2959 1617 3015; baseline 0.011 -21"><span class='ocrx_word' id='word_1_304' title='bbox 249 2959 261 2977; x_wconf 69' lang='lat'><strong>3</strong></span> <span class='ocrx_word' id='word_1_305' title='bbox 286 2962 384 2996; x_wconf 79' lang='lat' dir='ltr'>Pan.</span> <span class='ocrx_word' id='word_1_306' title='bbox 414 2964 438 3004; x_wconf 89' lang='grc' dir='ltr'>Ι,</span> <span class='ocrx_word' id='word_1_307' title='bbox 470 2965 551 3008; x_wconf 80' lang='lat'>118;</span> <span class='ocrx_word' id='word_1_308' title='bbox 581 2966 812 3009; x_wconf 80' lang='lat' dir='ltr'>(Rabanus‚</span> <span class='ocrx_word' id='word_1_309' title='bbox 842 2970 893 3015; x_wconf 73' lang='lat' dir='ltr'>De</span> <span class='ocrx_word' id='word_1_310' title='bbox 918 2973 1029 3003; x_wconf 73' lang='lat' dir='ltr'>instit.</span> <span class='ocrx_word' id='word_1_311' title='bbox 1058 2970 1189 3013; x_wconf 76' lang='lat' dir='ltr'>cleric.)</span> <span class='ocrx_word' id='word_1_312' title='bbox 1216 2983 1245 3005; x_wconf 88' lang='lat' dir='ltr'>c.</span> <span class='ocrx_word' id='word_1_313' title='bbox 1274 2972 1305 3006; x_wconf 85' lang='lat'>5.</span> <span class='ocrx_word' id='word_1_314' title='bbox 1334 2972 1376 3006; x_wconf 90' lang='lat' dir='ltr'>de</span> <span class='ocrx_word' id='word_1_315' title='bbox 1402 2985 1497 3007; x_wconf 83' lang='lat' dir='ltr'>cons.</span> <span class='ocrx_word' id='word_1_316' title='bbox 1527 2974 1558 3010; x_wconf 92' lang='lat' dir='ltr'>d.</span> <span class='ocrx_word' id='word_1_317' title='bbox 1586 2975 1617 3009; x_wconf 83' lang='lat'>5.</span> 
     </span>
     <span class='ocr_line' id='line_1_39' title="bbox 246 3019 976 3065; baseline 0.012 -13"><span class='ocrx_word' id='word_1_318' title='bbox 246 3019 260 3037; x_wconf 69' lang='lat'>4</span> <span class='ocrx_word' id='word_1_319' title='bbox 286 3020 384 3055; x_wconf 83' lang='lat' dir='ltr'>Pan.</span> <span class='ocrx_word' id='word_1_320' title='bbox 412 3022 438 3062; x_wconf 84' lang='grc' dir='ltr'>Ι,</span> <span class='ocrx_word' id='word_1_321' title='bbox 464 3023 548 3065; x_wconf 79' lang='lat'>1133</span> <span class='ocrx_word' id='word_1_322' title='bbox 575 3035 605 3058; x_wconf 91' lang='lat' dir='ltr'>c.</span> <span class='ocrx_word' id='word_1_323' title='bbox 635 3026 663 3059; x_wconf 92' lang='lat'>1.</span> <span class='ocrx_word' id='word_1_324' title='bbox 693 3025 734 3059; x_wconf 88' lang='lat' dir='ltr'>de</span> <span class='ocrx_word' id='word_1_325' title='bbox 761 3038 856 3064; x_wconf 83' lang='lat' dir='ltr'>cons,</span> <span class='ocrx_word' id='word_1_326' title='bbox 885 3027 916 3063; x_wconf 91' lang='lat' dir='ltr'>d.</span> <span class='ocrx_word' id='word_1_327' title='bbox 945 3029 976 3062; x_wconf 81' lang='lat'>5.</span> 
     </span>
    </p>

    <p class='ocr_par' dir='ltr' id='par_1_12' title="bbox 248 3078 973 3122">
     <span class='ocr_line' id='line_1_40' title="bbox 248 3078 973 3122; baseline 0.012 -10"><span class='ocrx_word' id='word_1_328' title='bbox 248 3078 260 3096; x_wconf 79' lang='lat'>⁵</span> <span class='ocrx_word' id='word_1_329' title='bbox 286 3079 384 3114; x_wconf 83' lang='lat' dir='ltr'>Pan.</span> <span class='ocrx_word' id='word_1_330' title='bbox 414 3081 436 3121; x_wconf 89' lang='lat' dir='ltr'>I,</span> <span class='ocrx_word' id='word_1_331' title='bbox 462 3082 543 3121; x_wconf 81' lang='lat'>119;</span> <span class='ocrx_word' id='word_1_332' title='bbox 572 3094 600 3118; x_wconf 84' lang='lat' dir='ltr'>c,</span> <span class='ocrx_word' id='word_1_333' title='bbox 630 3084 659 3117; x_wconf 83' lang='lat'>6.</span> <span class='ocrx_word' id='word_1_334' title='bbox 689 3084 730 3117; x_wconf 87' lang='lat' dir='ltr'>dc</span> <span class='ocrx_word' id='word_1_335' title='bbox 758 3097 852 3121; x_wconf 87' lang='lat' dir='ltr'>cons.</span> <span class='ocrx_word' id='word_1_336' title='bbox 882 3086 913 3122; x_wconf 89' lang='lat' dir='ltr'>d.</span> <span class='ocrx_word' id='word_1_337' title='bbox 942 3088 973 3121; x_wconf 85' lang='lat'>5.</span> 
     </span>
    </p>
   </div>
   <div class='ocr_carea' id='block_1_7' title="bbox 511 2796 612 2801">
    <p class='ocr_par' dir='ltr' id='par_1_13' title="bbox 511 2796 612 2801">
     <span class='ocr_line' id='line_1_41' title="bbox 511 2796 612 2801; baseline 0 0"><span class='ocrx_word' id='word_1_338' title='bbox 511 2796 612 2801; x_wconf 95' lang='lat' dir='ltr'> </span> 
     </span>
    </p>
   </div>
  </div>
 </body>
</html>
