2106 3453
357 224 515 263 Analyse
537 225 602 255 der
622 223 683 255 SD
703 223 779 253 und
803 222 992 253 Nachweis
1015 223 1079 252 der
1099 223 1292 252 benutzten
1314 221 1477 256 Quellen.
1722 219 1742 252 9

109 327 294 375 werden,
331 326 516 366 sondern
548 338 630 365 nur
662 337 810 376 wegen
838 324 911 364 des
939 336 1088 364 verum
1116 322 1392 364 aeternitatis.
1439 323 1585 363 Dieses
1613 323 1738 363 allein

111 404 164 444 ist
192 403 329 443 seiner
356 402 486 442 selbst
513 414 661 452 wegen
688 414 739 441 zu
766 400 985 441 erstreben
1012 400 1099 439 und
1120 399 1341 440 enthalten
1362 398 1403 438 in
1425 399 1500 438 der
1522 398 1743 451 Scriptura

111 492 245 520 sacra.
291 478 366 518 Die
400 477 554 517 letzten
581 476 913 528 Ausfiihrungen
946 476 1021 516 hat
1048 476 1243 516 Robert
1269 488 1364 515 von
1391 474 1557 515 Melun
1591 488 1646 514 an
1676 474 1742 515 die

114 555 256 607 Spitze
290 554 427 594 seiner
460 552 699 593 Sentenzen
732 555 891 604 gesetzt
924 552 999 592 11111
1027 552 1101 592 der
1127 543 1410 591 Uberschrii't:
1448 550 1521 596 ,De
1555 550 1743 602 quinque

111 631 258 671 studiis
292 629 613 681 cognoscendae
646 628 864 669 veritatis.⁴

110 707 253 758 zeigen
268 722 275 747 :

347 804 409 837 SD
436 805 469 836 S.
493 804 532 835 6*
562 805 598 835 Z.
623 805 675 835 18.

159 925 220 955 Est
252 923 350 954 enim
383 923 552 954 naturale
585 922 787 961 unicuique
815 922 909 953 velle

110 983 213 1023 seire,
246 983 307 1014 sed
336 982 423 1022 quia
458 981 613 1013 diversis
645 981 764 1012 modis
791 981 906 1012 homi-

111 1051 173 1073 nes
212 1051 341 1073 verum
380 1041 575 1080 inquirunt
613 1043 646 1071 et
688 1040 910 1079 multiplices

111 1104 195 1133 sunt
221 1101 320 1132 modi
347 1100 562 1140 inquirendi
596 1108 737 1139 verum,
771 1100 910 1131 idcirco

112 1161 183 1200 ipsi
215 1169 323 1200 saepe
355 1169 509 1191 numero
536 1159 727 1190 falluntur.
780 1159 908 1198 Inqui-

112 1222 199 1251 runt
224 1219 321 1250 enim
349 1228 478 1250 verum
499 1219 702 1258 aliquando
724 1227 767 1249 ex
789 1218 908 1249 curio-

113 1279 228 1319 sitam,
267 1278 471 1317 aliquando
510 1287 554 1309 ex
593 1277 806 1317 eupiditate,
844 1277 911 1307 ali-

115 1338 264 1378 quando

116 1406 244 1428 verum
296 1396 465 1436 rationis,

329 1346 373 1368 ex
438 1337 644 1377 iniquitate,
708 1336 912 1376 aliquando

526 1396 730 1435 aliquando
781 1404 911 1427 verum

116 1455 340 1487 aeternitatis
438 1455 670 1495 perquirunt.
776 1456 911 1486 Verum

115 1515 335 1547 curiositatis
373 1517 433 1555 est,
475 1515 624 1554 quando
661 1515 797 1554 aliquis
835 1515 912 1545 sola

116 1575 324 1607 curiositate
364 1575 407 1606 de
444 1577 537 1605 statu
574 1574 677 1614 regni
713 1577 746 1604 et
784 1574 913 1604 itinere

116 1635 221 1675 regis,
244 1635 287 1665 de
309 1634 391 1665 aliis
417 1634 630 1665 huiusmodi
652 1633 821 1673 inquirit,
848 1633 913 1664 ubi

116 1694 240 1725 nullus
265 1693 404 1724 fruetus
431 1695 491 1723 est.
543 1693 678 1724 Verum
701 1692 914 1732 cupiditatis

115 1755 176 1793 est,
204 1755 243 1784 ut
269 1752 307 1783 in
333 1752 633 1792 negotiatoribus,
662 1752 726 1791 qui
754 1753 797 1783 de
826 1761 912 1783 ven-

120 1812 260 1843 ditione
280 1811 458 1842 mercium
477 1811 662 1842 rimantur
683 1837 690 1842 .
713 1837 719 1843 .
744 1837 748 1843 .
777 1813 915 1843 Verum

117 1871 324 1910 iniquitatis
351 1873 411 1910 est,
440 1871 527 1901 dum
550 1870 632 1909 quis
653 1879 697 1901 ex
718 1871 915 1910 iniquitate

120 1931 163 1962 de
189 1930 345 1961 transitu
373 1929 528 1961 alieuius
548 1929 716 1970 inquirit,
744 1933 783 1961 ut
806 1931 838 1961 ei
860 1930 914 1960 in-

411 1990 472 2020 Est
504 1989 613 2019 etiam
641 1998 770 2021 verum
803 1990 914 2020 ratio—

119 2049 186 2090 nis,
224 2049 323 2088 quod
356 2051 406 2079 est
438 2048 477 2078 in
505 2048 655 2080 artibus.

119 1990 298 2021 sidietur.
322 2014 329 2020 .
352 2014 358 2020 .

708 2048 832 2080 Virtus
858 2058 915 2080 ra-

120 2108 229 2140 tionis
250 2107 424 2139 discernit
444 2107 482 2138 in
502 2108 650 2148 talibus,
671 2108 808 2139 scilicet
822 2108 918 2139 inter

874 2169 919 2198 Et

121 2228 218 2259 istud
246 2235 375 2258 verum
408 2235 452 2257 ex
485 2226 627 2257 ratione
659 2227 698 2257 in
726 2226 918 2258 dialectica

120 2177 176 2199 res
202 2170 236 2199 et
261 2167 356 2198 inter
382 2176 510 2198 verum
539 2169 572 2198 et
600 2167 733 2198 falsum
755 2192 761 2198 .
785 2193 791 2198 .
815 2192 822 2198 .

120 2289 153 2317 et
174 2286 257 2317 aliis
278 2286 420 2317 artibus
446 2285 663 2325 inquiritur.
702 2286 808 2322 Quod
836 2286 917 2326 qui-

123 2347 204 2376 dem
233 2346 492 2385 appetendum,
519 2346 581 2376 sed
606 2354 680 2376 non
701 2348 852 2385 propter
871 2354 918 2386 se,

122 2405 234 2435 immo
266 2407 417 2444 propter
449 2413 579 2435 verum
607 2404 830 2435 aeternitatis
852 2430 858 2436 .
881 2430 887 2436 .
912 2430 918 2436 .

122 2465 258 2495 Verum
268 2464 492 2495 aeternitatis
501 2465 665 2504 est,quod
675 2464 713 2494 in
723 2465 791 2495 hac
805 2464 918 2504 scrip-

123 2526 206 2554 tura
226 2532 330 2554 saera
352 2523 538 2563 appetitur
555 2526 589 2554 et
606 2523 850 2563 investigatur
865 2548 871 2554 .
889 2548 895 2554 .
912 2548 918 2554 .

918 628 1020 668 Eine
1048 627 1486 679 Gegeniiberstellung
1516 631 1639 678 nioge
1667 626 1743 666 das

948 804 1113 835 Robert
1139 813 1224 834 von
1253 803 1417 842 Melun‚
1444 802 1643 834 Sententiae
1668 801 1690 832 f.
1716 803 1744 832 1.

1191 863 1262 902 vgl.
1291 863 1385 893 oben
1413 862 1445 893 S.
1471 863 1501 892 4.

996 922 1315 958 Quemadmodum
1350 921 1544 961 proprium
1578 923 1628 951 est
1661 929 1746 951 oeu-

948 982 1069 1012 lorum
1121 981 1324 1013 claritatem
1369 980 1520 1011 luminis
1566 982 1747 1019 appetere,

950 1050 1023 1080 qua
1051 1050 1107 1072 res
1134 1041 1299 1071 visibiles
1327 1039 1485 1071 discerni
1519 1040 1669 1078 possunt
1702 1038 1747 1069 ab

949 1100 1119 1139 invicem,
1147 1100 1197 1130 ita
1219 1099 1392 1130 rationali
1415 1098 1559 1129 animae
1580 1097 1749 1128 naturale

950 1163 1000 1190 est
1045 1160 1090 1190 ad
1137 1159 1381 1198 cognitionem
1421 1157 1586 1189 veritatis
1624 1165 1748 1187 rerum

950 1219 1108 1250 tendere.
1146 1219 1282 1249 Verum
1304 1218 1342 1248 in
1364 1219 1431 1248 hoc
1454 1216 1609 1248 diversis
1629 1216 1751 1255 agitur

950 1278 1091 1309 studiis.
1144 1279 1206 1308 Est
1232 1277 1329 1308 enim
1364 1276 1552 1316 quoddam
1586 1275 1751 1306 veritatis

951 1337 1224 1377 eognoseendae
1256 1336 1431 1375 studium,
1464 1335 1502 1366 in
1537 1344 1609 1374 quo
1636 1343 1749 1365 novo-

952 1406 1034 1427 rum
1054 1396 1291 1436 inquisitores
1313 1395 1535 1434 diseurrunt,
1558 1394 1657 1433 quod
1677 1402 1749 1424 me-

952 1457 1022 1487 rito
1062 1455 1254 1487 euriositas
1293 1463 1390 1485 vana
1423 1456 1456 1484 et
1489 1461 1583 1493 vaga
1610 1461 1750 1484 nuncu-

952 1518 1071 1555 patur.

952 1578 1012 1606 tur
1039 1574 1156 1614 avari,
1192 1574 1291 1613 quod
1319 1573 1503 1613 cupiditas
1530 1572 1751 1612 appellatur.

953 1634 1115 1665 Tertium
1131 1642 1219 1664 vero
1234 1633 1309 1664 illis
1324 1632 1506 1672 competit,
1524 1631 1587 1670 qui
1603 1633 1754 1670 propter

953 1695 1021 1725 hoe
1048 1693 1240 1724 veritatem
1273 1692 1480 1731 inquirunt,
1517 1694 1556 1722 ut
1588 1693 1752 1730 noceant,

954 1753 1053 1792 quod
1076 1753 1144 1783 hac
1166 1753 1209 1783 de
1231 1761 1340 1783 causa
1361 1751 1524 1783 studium
1546 1749 1754 1789 iniquitatis

955 1812 1027 1843 diei
1066 1814 1191 1851 potest.

1124 1515 1185 1546 Est
1212 1517 1245 1545 et
1272 1514 1386 1553 aliud,
1417 1513 1455 1543 in
1484 1522 1556 1552 quo
1583 1512 1751 1544 crucian-

1244 1812 1305 1842 Est
1345 1811 1447 1842 aliud
1485 1810 1673 1841 diversum
1708 1810 1753 1839 ab

954 1872 1010 1902 his
1037 1871 1211 1911 studium,
1241 1870 1279 1901 in
1308 1879 1380 1909 quo
1408 1879 1475 1909 pro
1503 1869 1668 1900 veritatis
1695 1877 1752 1899 eo-

954 1931 1118 1971 gnitione
1138 1940 1212 1961 non
1239 1930 1420 1961 inutiliter
1449 1938 1673 1968 exercemur,
1696 1937 1753 1959 ar-

955 1990 1122 2029 tiumque
1161 1989 1366 2029 praeceptis
1405 1989 1609 2028 erudimur,
1656 1988 1755 2027 quod

1694 2047 1754 2078 Ui-

956 2109 1086 2140 timum
1113 2112 1146 2139 et
1172 2116 1386 2147 supremum
1413 2110 1474 2147 est,
1513 2107 1551 2137 in
1586 2116 1658 2146 quo
1691 2115 1756 2137 nos

955 2050 1118 2081 studium
1145 2049 1365 2080 eruditionis
1395 2042 1641 2087 nuncupatur.

957 2167 1204 2199 consummari
1253 2169 1406 2207 oportet,
1463 2175 1504 2197 eo
1545 2167 1643 2205 quod
1690 2174 1757 2205 per

957 2227 1078 2266 ipsum
1106 2227 1151 2257 ad
1178 2226 1291 2257 finem
1318 2226 1396 2257 sine
1421 2226 1496 2256 fine
1529 2225 1756 2265 pervenitur,

959 2287 1059 2326 quod
1085 2286 1225 2317 ideireo
1246 2285 1409 2316 studium
1431 2284 1756 2316 consummationis

958 2345 1203 2385 nominamus,
1232 2345 1319 2384 quia
1346 2344 1385 2375 in
1412 2344 1491 2383 ipso
1518 2344 1594 2374 solo
1622 2343 1757 2374 veritas

958 2404 1159 2444 invenitur,
1200 2412 1295 2443 quae
1334 2403 1395 2434 via
1434 2406 1485 2434 est
1516 2405 1550 2433 et
1582 2402 1669 2442 vita,
1710 2403 1756 2433 ad

961 2472 1072 2503 quam
1100 2463 1388 2503 cognoscendam
1410 2465 1443 2493 et
1464 2463 1673 2502 amandam,
1700 2471 1755 2492 sa-

960 2532 1022 2554 era
1049 2532 1114 2553 nos
1141 2522 1316 2553 informat
1343 2521 1544 2560 Scriptura.

266 2627 368 2667 Eine
400 2625 709 2677 Vergleichung
740 2626 886 2666 beider
918 2626 1051 2666 Texte
1084 2626 1203 2677 Zeigt‚
1245 2624 1330 2665 dal}
1363 2624 1428 2664 die
1461 2624 1655 2675 Fassung
1687 2623 1754 2663 bei

125 2704 319 2744 Robert
351 2716 446 2742 von
478 2702 645 2742 Melun
678 2702 720 2742 in
753 2702 1016 2742 stilistischer
1048 2701 1243 2741 Hinsicht
1276 2700 1497 2740 korrekter
1528 2699 1594 2739 ist.

1658 2699 1757 2738 Man

128 2779 248 2827 sieht,
295 2791 340 2818 er
383 2778 459 2818 hat
503 2778 617 2818 seine
659 2778 841 2830 Vorlage
882 2777 1183 2826 iiberarbeitet,
1234 2777 1309 2816 wie
1349 2789 1394 2816 er
1435 2776 1511 2816 das
1554 2774 1758 2827 gewohn-

127 2855 209 2895 lich
249 2854 316 2894 bei
358 2854 503 2894 seinen
544 2854 709 2894 Zitaten
750 2856 828 2895 tut.
904 2854 1034 2894 Hatte
1074 2853 1149 2893 der
1190 2852 1410 2892 Verfasser
1455 2851 1529 2891 der
1574 2850 1649 2891 SD
1692 2850 1758 2890 die

129 2930 257 2971 Stelle
302 2942 380 2969 aus
420 2929 585 2969 Robert
628 2929 954 2982 iibernoinmen,
1002 2942 1048 2969 so
1090 2928 1208 2968 hatte
1250 2940 1295 2967 er
1337 2927 1448 2967 ohne
1481 2926 1650 2966 Zweifel
1692 2925 1758 2965 die

129 3006 299 3046 bessere
331 3005 526 3056 Fassung
558 3005 706 3045 stehen
739 3005 893 3053 lassen,
940 3004 1080 3045 zumal
1119 3017 1164 3044 er
1203 3003 1313 3044 auch
1352 3005 1471 3043 501151
1516 3002 1603 3043 sich
1641 3002 1758 3043 nicht

129 3081 290 3130 scheut,
326 3081 439 3121 seine
472 3080 666 3127 Autoren
698 3081 891 3121 wortlich
926 3080 1273 3121 abzuschreiben.
