2106 3453
302 687 320 714 5

289 1065 320 1090 10

288 1443 320 1470 15

285 1827 319 1853 20

344 265 434 300 122ἦ
930 266 1137 301 Sententiae
1165 266 1375 302 divinitatis.

340 373 521 411 matrem
551 384 694 411 suam:
725 384 808 411 non
833 370 1000 420 dicitur,
1029 371 1143 423 quod
1173 374 1236 411 est
1257 372 1562 422 sanctificatus,
1591 373 1632 412 id
1654 375 1717 413 est
1740 373 1973 414 mundatus

340 461 365 488 a
398 448 588 498 peccato,
624 449 858 498 antequam
893 449 1153 488 nasceretur.
1224 448 1295 487 Vel
1328 450 1472 499 potest
1505 448 1583 489 dici
1618 448 1822 498 similiter,
1857 449 1972 501 quod

340 521 554 572 singulare
597 522 862 574 privilegium
905 525 982 563 etc.
1053 522 1248 564 Miranda
1291 526 1390 563 sunt
1431 524 1649 572 miracula,
1696 537 1780 564 non
1825 537 1973 565 conse-

340 598 517 650 quentia
550 597 761 639 trahenda
796 598 860 639 vel
900 598 1110 648 ducenda,
1157 601 1198 639 et
1238 599 1296 640 ita
1329 612 1430 640 vera
1464 602 1527 639 est
1560 600 1773 640 sententia
1806 599 1974 651 Augu-

341 674 483 723 stini,
518 674 617 725 quia
652 687 778 714 nemo
812 676 955 726 potest
987 675 1103 715 nasci
1137 675 1371 716 secundum
1409 675 1625 716 Christum
1660 678 1739 716 etc.

481 749 758 791 Praeterea
791 751 926 791 solet
958 752 1158 803 quaeri,
1192 751 1231 791 si
1265 751 1421 792 semel
1454 752 1706 804 baptizati
1735 752 1811 792 vel
1838 752 1974 792 ordi-

339 826 465 876 nati,
510 826 734 867 debeant
772 827 1087 879 rebaptizari
1121 828 1198 868 vel
1232 828 1536 869 reordinari.
1601 828 1971 878 Augustinuslz

341 902 644 954 ,Haereticum,
678 903 750 955 qui
784 904 1025 945 sanctitatis
1058 904 1190 945 verba
1216 904 1394 956 accepit,
1430 904 1685 956 rebaptizari
1714 904 1778 945 vel
1812 905 1974 945 reordi-

339 979 433 1019 nari
472 980 695 1030 peccatum
736 982 818 1028 est,
862 980 1118 1021 catholicum
1154 993 1268 1030 verO,
1312 979 1670 1021 immanissimum
1711 980 1848 1020 scelus
1881 983 1971 1023 est‘.

341 1056 427 1097 Sed
461 1057 612 1097 contra
649 1055 872 1108 probatur.
935 1057 1157 1097 Habemus
1197 1069 1248 1096 ex
1287 1056 1475 1108 quodam
1516 1056 1694 1097 concilio
1713 1058 1739 1105 2,
1786 1057 1901 1108 quod
1940 1057 1975 1097 si

340 1133 435 1185 quis
469 1132 670 1174 sacerdos
703 1135 804 1174 ante
842 1133 1107 1186 baptismum
1150 1133 1373 1173 ordinatus
1414 1133 1541 1174 fuerit
1579 1135 1621 1174 et
1660 1135 1759 1185 post
1791 1146 1835 1173 se
1867 1133 1974 1186 bap-

340 1209 517 1249 tizatum
558 1222 644 1249 non
684 1209 814 1250 fuisse
852 1209 1018 1260 dixerit,
1066 1209 1309 1261 baptizetur
1354 1211 1395 1250 et
1434 1209 1704 1249 reordinetur
1743 1212 1784 1250 et
1824 1222 1974 1250 omnes

339 1285 413 1338 qui
454 1285 509 1325 ab
554 1297 604 1326 eo
643 1285 850 1337 baptizati
888 1289 1000 1335 sunt,
1047 1285 1380 1337 rebaptizentur.
1444 1285 1551 1326 Item
1590 1285 1868 1326 Isidorus3:
1916 1286 1973 1336 ,Si

340 1360 436 1413 quis
469 1373 545 1412 per
577 1360 865 1412 ignorantiam
898 1363 998 1403 ante
1020 1361 1284 1413 baptismum
1312 1361 1535 1402 ordinatus
1563 1360 1700 1410 fuerit,
1734 1361 1975 1413 baptizetur

342 1437 432 1489 ipse
466 1436 591 1476 simul
625 1448 721 1477 cum
756 1436 815 1477 eis
849 1437 921 1489 qui
954 1437 1008 1478 ab
1037 1450 1087 1477 eo
1115 1437 1320 1489 baptizati
1356 1439 1484 1477 sunt‘.
1549 1437 1661 1477 Istae
1693 1437 1974 1478 auctoritates

340 1513 525 1565 tempori
559 1514 958 1554 accommodandae
991 1516 1105 1555 sunt.
1160 1513 1298 1554 Hodie
1331 1526 1418 1554 non
1452 1516 1692 1555 servantur.
1749 1514 1795 1553 In
1828 1514 1973 1566 primi—

340 1588 428 1629 tiva
462 1589 639 1630 ecclesia
667 1589 840 1641 quidam
876 1603 1022 1630 sacros
1055 1589 1227 1630 ordines
1259 1590 1563 1641 suscipiebant,
1598 1591 1831 1641 antequam
1866 1590 1973 1642 bap-

339 1665 592 1714 tizarentur3
645 1665 719 1705 sed
764 1667 811 1706 ut
852 1665 855 1718 Ι
897 1679 921 1706 a
962 1679 1097 1718 prava
1143 1666 1451 1707 consuetudine
1502 1666 1832 1715 deterrerentur,
1883 1666 1973 1706 istis

341 1740 670 1781 auctoritatibus
704 1741 969 1793 prohibetur.

482 1817 603 1857 Item
639 1817 769 1857 solet
802 1818 1001 1869 quaeri,
1045 1818 1084 1858 si
1119 1818 1164 1857 in
1200 1817 1457 1869 baptismo
1491 1817 1726 1858 omnibus
1760 1819 1973 1869 peccata

339 1892 681 1934 dimittantur.
733 1893 857 1943 Quod
887 1894 1086 1934 omnibus
1114 1894 1386 1934 dimittantur
1418 1896 1505 1934 tam
1535 1893 1807 1942 damnandis,
1841 1906 1971 1945 quam

339 1969 570 2018 salvandis,
621 1970 876 2021 generaliter
926 1973 1044 2011 tenet
1094 1971 1284 2011 ecclesia.
1362 1970 1569 2011 Generale
1620 1969 1790 2021 quidem
1846 1970 1972 2010 bene-

338 2045 481 2086 ficium
522 2048 600 2094 est;
649 2046 849 2086 omnibus
890 2046 1094 2098 prodesse
1140 2046 1280 2086 debet.
1358 2046 1541 2086 Econtra
1586 2046 1808 2097 probatur,
1857 2046 1971 2098 quod

340 2134 425 2161 non
460 2122 573 2162 valet
605 2121 685 2161 nisi
717 2122 1062 2174 praedestinatis.
1120 2122 1438 2172 Augustinus
1472 2110 1601 2173 super
1633 2122 1771 2162 locum
1801 2122 1917 2161 illum
1937 2123 1971 2162 4:

286 2208 301 2232 ‘2
339 2197 618 2237 Ministerium
665 2198 912 2250 baptizandi
956 2198 1173 2250 discipulis
1211 2198 1400 2247 tradidit,
1446 2199 1707 2249 potestatem
1751 2210 1851 2238 vero
1895 2197 1973 2237 sibi

339 2273 527 2323 retinuit,
560 2273 660 2326 quia
694 2276 966 2315 sacramenta
999 2276 1098 2314 sunt
1131 2274 1172 2314 id
1206 2274 1322 2326 quod
1356 2277 1469 2323 sunt,
1511 2273 1585 2313 sed
1618 2273 1659 2313 in
1694 2272 1794 2313 solis
1831 2273 1973 2314 electis

484 2410 498 2443 1
528 2410 595 2451 est]
623 2410 728 2443 etiam
758 2412 798 2445 Β.
864 2411 883 2443 3
917 2416 999 2453 post
1033 2413 1116 2444 sunt
1154 2412 1236 2444 add.
1267 2412 1297 2443 Β
1323 2410 1396 2445 illa.
1460 2411 1552 2444 3ffl4
1579 2410 1620 2443 ad
1649 2409 1903 2453 consequentia
1933 2411 1972 2443 B.

340 2470 429 2502 6—-7
452 2474 534 2512 post
560 2469 710 2502 ordinati
739 2471 822 2503 add.
851 2472 881 2503 A
908 2470 1051 2504 fuerint.
1166 2471 1183 2503 7
1212 2470 1347 2514 rebapt.
1374 2470 1431 2503 vel
1458 2469 1570 2505 reord.
1600 2469 1747 2513 possint.
1801 2468 1973 2502 Omnibus

339 2527 454 2561 modis
480 2527 718 2572 prohibemur.
770 2530 858 2562 Item
885 2528 1039 2572 August.
1063 2531 1102 2562 B.
1210 2529 1230 2562 8
1258 2529 1417 2573 suscepit
1437 2531 1479 2562 B.
1587 2529 1625 2562 11
1648 2530 1684 2562 et
1709 2529 1791 2572 post
1812 2527 1853 2561 de
1880 2539 1973 2571 pres-

341 2587 465 2631 bytero
493 2587 632 2627 dicitur,
660 2588 751 2631 quod
779 2588 982 2632 baptizatus
1008 2600 1076 2621 non
1103 2589 1212 2622 fuerit
1241 2590 1281 2624 Β.
1407 2588 1447 2621 12
1476 2587 1688 2632 rebaptizari
1716 2589 1752 2620 et
1778 2586 1973 2620 reordinari

341 2646 447 2680 debet
473 2649 514 2680 B.
599 2647 639 2679 13
667 2646 881 2691 rebaptizari
910 2649 950 2681 Β.
1036 2648 1077 2681 15
1102 2653 1179 2691 post
1206 2649 1287 2681 sunt
1314 2649 1396 2680 add.
1425 2648 1457 2680 Β
1484 2647 1756 2691 rebaptizentur.
1841 2646 1882 2680 18
1909 2645 1972 2679 sed

341 2717 404 2740 om.
434 2707 475 2739 Β.
580 2712 661 2749 post
687 2718 798 2750 prava
824 2709 906 2741 add.
936 2709 965 2740 R
992 2707 1063 2741 illa.
1178 2707 1218 2740 19
1245 2706 1498 2750 prohibebatur
1526 2708 1568 2741 B.
1674 2706 1716 2739 21
1746 2705 1973 2739 dimittantur

341 2776 405 2798 om.
433 2766 474 2797 B.
573 2764 616 2797 23
644 2769 700 2798 est
725 2778 788 2799 om.
819 2768 859 2800 Β,
960 2766 1003 2800 26
1031 2765 1106 2806 sed]
1134 2768 1170 2799 et
1197 2766 1237 2800 Β.

486 2899 496 2917 ¹
522 2899 619 2936 Pan.
647 2900 673 2939 I,
695 2900 749 2935 84.
778 2912 806 2933 c.
837 2900 913 2936 108.
941 2900 983 2935 de
1009 2912 1105 2934 cons.
1134 2900 1162 2933 d,
1192 2900 1223 2933 4.

485 2958 497 2976 ‘⁹’
526 2959 618 2992 Pan.
652 2959 672 2997 l,
695 2959 755 2998 96:
783 2971 811 2994 c.
840 2960 894 2994 60.
923 2959 960 2993 C.
990 2961 1019 2994 1.
1048 2972 1078 3003 q.
1112 2961 1139 2993 1.
1190 2958 1256 2998 ,Ex
1284 2958 1432 2992 concilio
1460 2958 1550 3002 apud
1579 2957 1857 3002 Compendium‘.

486 3017 498 3036 3
525 3019 621 3052 Pan.
651 3018 674 3056 l,
697 3019 755 3061 973
785 3030 814 3053 c.
842 3019 896 3054 59.
926 3018 962 3053 O.
993 3020 1020 3054 1.
1050 3030 1081 3062 q.
1113 3019 1140 3052 1.

483 3077 496 3095 4
526 3080 703 3119 August.
735 3079 850 3111 Tract.
881 3081 915 3111 inf
941 3080 1022 3112 Joh.
1052 3078 1092 3113 V.
1120 3090 1152 3113 n.
1182 3078 1212 3111 7.
1240 3077 1321 3117 (PL.
1349 3077 1403 3117 35,
1435 3077 1554 3118 1417):
1586 3104 1620 3111 ..
1643 3104 1650 3111 .
1672 3076 1738 3110 sibi
1765 3076 1880 3110 tenuit
1907 3076 1958 3109 Do

343 3138 459 3170 minus
486 3137 688 3182 baptizandi
716 3139 940 3181 potestatem,
969 3137 1084 3171 servis
1112 3136 1347 3170 ministerium
1375 3136 1480 3172 dedit.

1995 1682 2014 1707 f.

2036 1682 2078 1707 99.
