2106 3453
262 1034 294 1058 10

268 1416 299 1440 15

306 215 353 248 24
363 218 379 235 ³²
908 216 1114 251 Sententiae
1141 216 1353 253 divinitatis.

309 320 351 358 et
402 317 524 358 illud:
587 318 783 359 Liberum
835 319 1059 360 arbitrium
1110 320 1290 361 liberum
1343 320 1396 361 de
1447 321 1669 362 voluntate
1720 321 1937 362 iudicium.

309 394 417 435 Ecce
452 394 516 435 his
549 395 880 436 auctoritatibus
913 396 1046 448 liquet
1077 396 1294 437 hominem
1326 397 1390 438 vel
1417 398 1617 449 angelum
1644 400 1745 439 ante
1771 398 1940 440 ruinam

311 471 366 511 ad
401 474 632 524 utramque
664 474 832 524 partem
865 486 992 525 posse
1030 474 1201 515 flectere
1234 474 1515 516 voluntatem.
1578 474 1622 515 Si
1664 488 1764 515 vero
1806 488 1941 527 oppo-

312 548 426 588 nitur
459 548 511 588 de
546 548 615 590 illa
650 549 925 592 auctoritate:
972 550 1097 591 Stare
1130 550 1300 602 quidem
1335 553 1519 603 poterat⁷
1553 551 1629 591 sed
1661 552 1812 603 pedem
1849 565 1941 593 mo-

312 638 410 665 vere
443 637 528 665 non
562 626 741 677 potuit¹‚
776 626 956 676 dicatur,
991 626 1108 678 quod
1140 627 1249 668 bene
1282 627 1452 680 operari
1472 629 1655 679 poterat,
1690 629 1766 670 sed
1798 629 1940 669 subito

311 702 363 742 de
397 704 513 742 statu
547 702 775 743 creationis
809 703 864 744 ad
897 706 1058 744 statum
1094 704 1370 745 beatitudinis
1403 705 1560 746 saltum
1593 705 1731 747 facere
1767 705 1944 746 minime

313 779 495 820 valebat.
562 779 681 829 Ecce,
726 793 775 820 ex
812 780 967 832 quibus
1012 783 1160 831 surgat
1203 781 1382 822 liberum
1429 781 1667 832 arbitrium,
1709 784 1752 823 et
1790 782 1944 834 quibus

313 856 553 905 conveniat,
598 858 640 896 et
681 856 783 908 quid
818 856 872 897 sit
904 857 1139 898 secundum
1173 857 1357 909 primum
1393 860 1568 908 statum,
1612 861 1834 900 ostensum
1867 861 1944 901 est.

456 934 493 973 3.
528 932 671 974 Nunc
704 933 980 974 videndum
1014 936 1090 975 est
1117 948 1214 987 qua
1240 935 1484 976 libertate
1505 935 1945 977 dicaturliberum

315 1009 599 1051 arbitrium.

455 1087 579 1128 Tres
631 1089 749 1128 sunt
799 1087 1112 1130 libertates2.
1194 1089 1361 1131 Prima
1404 1103 1429 1131 a
1472 1092 1704 1142 peccato,
1759 1090 1812 1131 de
1862 1102 1947 1142 qua

315 1165 416 1206 dicit
460 1164 762 1216 Apostolus:
818 1166 919 1206 Cum
953 1167 1059 1206 servi
1090 1167 1224 1206 essetis
1251 1167 1419 1220 peceati7
1462 1167 1579 1207 libem·
1606 1166 1763 1219 fuistis.
1827 1166 1949 1207 Nunc

316 1246 451 1282 (rectem
493 1241 656 1282 liberati
696 1256 721 1281 α
760 1246 932 1295 peccato)
972 1244 1078 1283 servi
1119 1247 1253 1283 (cutem
1292 1243 1396 1295 facti
1429 1244 1514 1285 Deo
1548 1244 1683 1298 (Rom.
1720 1244 1948 1297 6‚20,22).

317 1319 368 1359 Et
400 1318 517 1360 alibi:
580 1317 656 1358 Ubi
693 1319 866 1371 spiritus
898 1319 1084 1371 Domini,
1130 1320 1296 1361 libertas
1329 1320 1408 1374 (II.
1447 1322 1540 1362 Cor.
1568 1323 1608 1373 3,
1628 1322 1713 1374 1²7).
1776 1322 1861 1362 Ista
1894 1320 1950 1362 ad

320 1396 495 1447 plenum
538 1396 578 1435 in
618 1396 834 1447 praesenti
876 1409 963 1437 non
1007 1397 1235 1447 habentur,
1278 1398 1483 1450 quoniam
1525 1398 1678 1450 aliquis
1718 1398 1866 1439 vivens
1908 1398 1949 1438 in

320 1485 449 1513 carne
490 1472 662 1513 mortali
702 1472 808 1513 liber
851 1487 876 1514 a
921 1476 1098 1525 peccato
1145 1487 1238 1516 esse
1282 1487 1368 1514 non
1413 1477 1569 1527 potest.
1632 1474 1722 1516 Hac
1754 1475 1951 1516 libertate

320 1549 500 1589 liberum
537 1549 762 1590 arbitrium
796 1550 978 1591 liberum
1011 1563 1097 1591 non
1141 1555 1217 1602 est,
1261 1565 1311 1592 eo
1354 1552 1470 1604 quool
1512 1552 1598 1593 iam
1639 1552 1781 1593 nullus
1822 1552 1953 1593 habet

321 1626 504 1667 liberum
526 1626 765 1668 arbitrium.
790 1652 841 1654 -—
878 1627 952 1668 Est
972 1628 1102 1668 etiam
1127 1629 1342 1670 libertas
1366 1642 1390 1669 a
1418 1628 1642 1679 miseria,
1668 1629 1721 1670 de
1743 1642 1828 1681 qua
1851 1629 1953 1669 dicit

474 1761 513 1795 12
541 1760 627 1794 (licit
651 1773 715 1794 om.
733 1764 774 1794 A.
899 1761 941 1794 14
966 1766 1044 1804 post
1070 1760 1211 1795 Domini
1238 1763 1320 1795 add.
1344 1762 1375 1794 Β
1398 1763 1443 1796 et.
1569 1761 1610 1795 18
1630 1761 1751 1803 etiam}
1784 1763 1902 1795 autem
1925 1762 1956 1794 Β

322 1819 422 1864 dicit]
451 1820 536 1864 quia
564 1821 599 1853 et
627 1821 669 1852 A.

466 1947 477 1965 ¹
504 1948 548 1982 of.
575 1947 687 1982 Petr.
722 1946 859 1980 Lomb.
893 1947 976 1979 Sem
1008 1946 1029 1979 1.
1059 1946 1100 1981 11.
1129 1945 1159 1979 d.
1188 1946 1243 1980 24.
1270 1957 1299 1979 o.
1330 1946 1362 1979 1:
1412 1945 1599 1979 Sciendum
1635 1947 1690 1979 est
1715 1945 1835 1989 igitur,
1863 1945 1954 1989 quod

322 2008 456 2043 homini
482 2007 517 2040 in
544 2006 723 2040 creatione
750 2006 844 2039 sicut
870 2006 913 2039 de
940 2005 1079 2048 angelis
1106 2005 1271 2044 diximus,
1300 2005 1419 2038 datum
1448 2007 1503 2039 est
1522 2016 1585 2049 per
1605 2005 1759 2048 gratiam
1781 1999 1954 2039 auxilium

323 2070 360 2102 et
395 2067 525 2101 collata
561 2068 616 2099 est
647 2066 817 2110 potentia,
853 2077 916 2109 per
951 2076 1057 2108 quam
1093 2066 1233 2108 poterat
1268 2067 1364 2098 stare
1400 2065 1421 2098 i.
1449 2077 1477 2098 e.
1514 2077 1583 2098 non
1620 2064 1796 2098 declinare
1831 2064 1874 2098 ab
1902 2075 1952 2103 eo,

324 2126 415 2171 quod
444 2128 642 2170 acceperat,
670 2125 731 2158 sed
753 2136 820 2158 non
843 2126 984 2168 poterat
1004 2124 1177 2168 proficere
1204 2125 1238 2158 in
1259 2126 1409 2164 tantum,
1437 2126 1477 2157 ut
1497 2136 1560 2168 per
1584 2124 1738 2166 gratiam
1765 2124 1955 2157 creationis

324 2187 401 2220 sine
428 2185 498 2219 alia
523 2185 652 2218 mereri
679 2185 831 2218 salutem
859 2183 1006 2218 valeret.

469 2243 481 2262 ²
507 2244 569 2284 Ea,
610 2255 700 2288 quae
739 2246 946 2287 sequuntur,
987 2243 1175 2287 desumpta
1213 2245 1297 2277 sunt
1335 2254 1380 2276 ex
1424 2242 1545 2278 Bel-n.
1572 2243 1593 2276 l.
1621 2254 1650 2276 c.
1678 2253 1753 2286 cap.
1776 2242 1837 2276 ΠΙ.
1869 2254 1902 2275 11.
1924 2242 1956 2276 6.

327 2308 371 2349 (p.
403 2304 491 2338 1005
515 2307 543 2337 A
562 2304 620 2344 R):
661 2302 728 2336 Sed
762 2314 846 2336 sane
872 2302 1033 2343 liberum,
1061 2314 1127 2335 non
1155 2302 1216 2335 illa
1241 2301 1419 2342 libertate,
1462 2301 1503 2335 de
1534 2313 1604 2345 qua
1629 2301 1715 2335 dicit
1743 2300 1952 2345 Apostolus:

332 2365 397 2398 Ubi
430 2366 582 2406 spiritus
619 2364 775 2405 Domini,
811 2363 860 2395 ibe?
895 2363 1040 2395 libertas
1065 2363 1135 2396 (II.
1169 2363 1247 2395 Cor.
1276 2364 1394 2404 5317).
1445 2361 1510 2395 Est
1544 2361 1636 2394 enim
1674 2361 1735 2394 illa
1760 2360 1911 2393 libertas
1936 2372 1957 2394 a

326 2425 482 2468 peccato,
511 2422 605 2456 siout
631 2421 713 2455 alibi
742 2421 843 2455 dicit:
876 2422 961 2454 Cum
990 2424 1081 2453 enim
1102 2423 1195 2454 servi
1215 2423 1335 2454 essetis
1349 2423 1497 2464 peccati,
1519 2421 1622 2453 liberi
1641 2422 1765 2463 fni-stis
1785 2422 1955 2454 institiae.

328 2484 431 2517 Nunc
457 2487 569 2514 (tutem
599 2481 741 2513 liberate?
761 2492 781 2513 a
804 2486 957 2523 peccato,
996 2482 1089 2513 servi?
1109 2485 1222 2513 autem
1250 2481 1339 2522 facti
1360 2481 1441 2522 Deo7
1467 2480 1601 2512 habetis·
1626 2481 1786 2519 fructum
1804 2484 1958 2512 ‘vestrum

328 2545 365 2575 in.
392 2542 713 2583 sawzcrttssfierrte'Och2izi,
739 2541 840 2582 finem
868 2551 948 2572 ‘nero
973 2542 1079 2572 vitam
1107 2544 1283 2572 aeternam
1326 2540 1437 2580 (Rom.
1467 2538 1676 2579 &ao—22).
1741 2537 1828 2578 Quis
1876 2549 1958 2571 vero

328 2601 362 2634 in
389 2612 494 2634 carne
521 2599 657 2643 peccati
679 2610 699 2632 a
720 2600 865 2642 peccato
890 2598 957 2632 sibi
977 2598 1137 2632 vindieat
1163 2598 1393 2631 libertatem?
1423 2597 1497 2631 Hac
1524 2609 1609 2640 ergo
1630 2597 1796 2631 libertate
1823 2597 1956 2631 dictum

329 2660 455 2693 merito
493 2669 717 2702 nequaquam
751 2657 874 2702 opinor
912 2658 1061 2690 liberum
1098 2657 1295 2691 arbitrium.
1346 2657 1412 2690 Est
1449 2657 1535 2690 item
1571 2656 1720 2690 libertas
1754 2668 1775 2690 a
1802 2656 1957 2694 miseria,

330 2720 371 2752 de
408 2730 477 2762 qua
504 2717 624 2751 itidem
652 2717 862 2761 Apostolus:
920 2719 965 2750 Et.
1000 2719 1091 2760 ipsa,
1128 2716 1252 2760 inquit,
1290 2722 1458 2750 creatura
1502 2717 1712 2749 liberabitur
1747 2727 1766 2748 a
1794 2718 1959 2749 servitute

330 2779 573 2821 corruptionis
608 2779 646 2809 rinr
683 2778 875 2809 libertatem
910 2778 1048 2819 (sturme
1079 2778 1239 2818 filiorum
1276 2778 1342 2809 Dei
1371 2774 1487 2817 (Rom.
1515 2778 1546 2817 8,
1568 2776 1643 2815 21).
1693 2774 1760 2808 Sed
1788 2773 1957 2817 numquid

331 2839 367 2871 et
391 2837 498 2870 istam
524 2836 590 2869 sibi
619 2835 794 2879 quispiam
822 2835 856 2868 in
882 2835 948 2868 hae
975 2835 1195 2868 mortalitate
1225 2835 1450 2878 praesumit?
1495 2834 1540 2867 Et
1571 2834 1636 2867 hae
1669 2834 1789 2877 itaque
1809 2833 1957 2867 liberum

330 2895 502 2930 nominari
540 2895 725 2928 arbitrium
760 2907 828 2928 non
864 2894 1040 2928 immerito
1077 2894 1273 2929 abnuimus.
1326 2893 1391 2927 Est
1416 2905 1511 2933 vero,
1545 2904 1650 2936 quam
1678 2892 1794 2936 magis
1820 2892 1851 2925 ei
1878 2904 1958 2926 oon—

331 2966 457 2999 gruere
485 2954 637 2987 arbitror
662 2954 875 2994 libertatem,
913 2965 1018 2997 quam
1046 2953 1161 2987 dicere
1195 2964 1384 2997 possumus
1410 2964 1429 2985 a
1455 2952 1680 2993 necessitate,
1715 2964 1755 2986 eo
1782 2951 1871 2995 quod
1900 2963 1959 2984 ne—

331 3014 524 3048 cessarium
552 3013 752 3047 voluntario
789 3013 1004 3046 contrarium
1031 3024 1110 3046 esse
1137 3012 1316 3046 videatur:
1353 3011 1526 3055 siquidem
1554 3011 1646 3056 quod
1674 3022 1719 3046 ex
1744 3010 1959 3045 necessitate

333 3073 381 3114 fit,
410 3073 478 3107 iam
506 3085 574 3108 non
601 3084 645 3106 ex
673 3072 855 3106 voluntate
882 3074 917 3105 et
943 3084 960 3105 e
987 3083 1157 3106 converso
1185 3070 1359 3107 similiter.
