2106 3453
16 607 35 630 f.

59 607 116 631 10⁴2.

635 263 825 296 Tractatus
854 262 893 296 V.
946 262 996 296 De
1023 264 1269 298 sacramentis.
1678 263 1767 299 137*

139 370 236 408 rant
274 366 498 419 peccandi.
565 366 656 406 lstis
699 366 872 418 quidem
916 367 1236 407 concedendum
1281 370 1357 417 est,
1402 368 1433 407 si
1469 368 1644 418 instant,
1691 369 1768 409 nisi

140 444 245 483 sorte
279 443 362 482 sint
396 442 641 493 evangelica
675 443 779 483 falce
813 443 1005 494 praecisi,
1051 446 1092 483 et
1135 445 1198 483 est
1244 443 1305 484 eis
1346 444 1401 485 acl
1445 445 1768 485 damnationem

140 520 219 560 hoc
253 520 586 560 sacramentum.
651 518 850 559 Monendi
885 522 984 559 suut
1019 519 1085 559 isti
1120 519 1241 569 taleS,
1284 520 1359 560 sed
1393 533 1478 561 non
1514 523 1576 561 est
1610 521 1668 561 eis
1696 535 1769 561 ne-

137 595 345 646 gandum;
391 595 508 634 iuxta
542 594 644 634 illud
678 595 1001 645 Augustini1:
1051 595 1159 645 ,Non
1189 598 1192 645 l
1224 596 1451 648 prohibeat
1498 589 1771 648 dispensator

140 671 414 720 manducare,
464 670 537 712 sed
573 673 746 711 moveat
780 673 1023 712 exactorem
1059 671 1241 713 timere.‘
1337 673 1399 712 Illi
1433 673 1505 725 qui
1540 686 1615 714 uec
1643 673 1771 724 digne

138 760 214 788 nec
248 747 420 798 indigne
453 746 677 796 accedunt,
724 749 823 787 sunt
857 747 911 787 illi
955 747 1026 800 qui
1071 748 1123 788 de
1165 749 1254 788 suis
1296 749 1543 789 criminibus
1590 750 1772 790 confessi

137 836 213 864 nec
240 826 384 863 tamen
413 822 553 863 adhuc
581 836 657 874 per
683 823 1018 864 satisfactionem
1051 824 1258 866 mundati.
1323 825 1450 866 Tales
1477 827 1510 865 si
1539 826 1771 877 abstinent,

137 899 339 939 laudandi
382 901 480 939 sunt
521 900 561 938 et
603 901 785 950 possunt
828 899 967 940 dicere
1010 913 1105 940 cum
1140 901 1411 941 centurione:
1460 902 1648 949 Domine,
1692 916 1771 942 mm

134 989 224 1014 ειιιη
257 975 407 1027 diffluas
440 979 507 1014 etc.
545 974 709 1027 (Matt'h.
745 975 860 1027 8,(9).
927 976 971 1016 Si
1006 989 1105 1017 vero
1140 977 1180 1016 in
1216 990 1291 1029 spe
1324 977 1566 1018 miserentis
1593 978 1667 1018 Dei
1701 992 1771 1019 ac.-

135 1052 275 1103 cipcre
308 1051 470 1099 volunt,
506 1063 591 1090 non
626 1054 689 1091 est
722 1051 780 1091 cis
816 1051 1059 1102 negandum
1096 1054 1137 1093 et
1171 1053 1325 1105 poterit
1368 1054 1427 1094 eis
1467 1067 1559 1095 csse
1602 1054 1655 1094 ad
1699 1068 1767 1095 sa-

135 1127 280 1177 lutem,
324 1130 370 1167 ut
412 1127 463 1166 de
497 1127 674 1168 muliere
708 1128 983 1178 sanguinaria
1018 1128 1182 1179 legitur,
1217 1142 1328 1181 quae
1372 1129 1508 1180 tetigit
1550 1130 1767 1171 fimbriam

137 1203 489 1244 vestimentorum
513 1202 669 1243 Christi
686 1206 727 1244 et
748 1217 770 1244 a
795 1204 911 1243 fluxu
933 1205 1152 1255 sanguinis
1169 1204 1350 1246 liberata
1367 1208 1430 1246 est
1447 1205 1611 1259 (Matth.
1629 1207 1768 1259 5520).

277 1279 556 1319 Praeterea
583 1279 872 1331 quaeritur,
899 1282 1070 1320 utrum
1096 1282 1235 1321 totus
1257 1281 1494 1322 Christus
1522 1285 1767 1323 sumatur.

134 1355 408 1396 Credendum
443 1358 519 1405 est,
563 1355 663 1407 quia
698 1358 813 1396 totus
847 1355 1042 1404 sumitur,
1078 1356 1186 1397 sicut
1220 1359 1338 1397 totus
1371 1357 1427 1397 ihi
1462 1360 1542 1406 est;
1588 1372 1637 1398 ex
1683 1371 1768 1410 quo

135 1433 175 1472 in
210 1432 521 1473 resurrectione
554 1432 745 1473 animam
780 1432 948 1484 corpori
983 1432 1218 1483 coniunxit,
1265 1447 1489 1486 nunquam
1519 1437 1671 1486 postea
1705 1448 1771 1476 se-

134 1512 286 1561 parata
320 1511 431 1549 sunt.
505 1508 565 1548 Ihi
600 1511 664 1549 est
696 1509 841 1550 anima
875 1522 1055 1561 corpore
1088 1509 1422 1562 circumscripta,
1466 1524 1621 1563 corpus
1663 1511 1769 1553 loco.

137 1584 343 1625 Divinitas
378 1598 491 1634 vero,
526 1597 637 1636 quae
669 1585 830 1637 ubique
864 1588 926 1626 est
960 1598 1035 1637 per
1066 1586 1372 1637 praesentiam,
1408 1586 1594 1627 maxime
1622 1587 1675 1627 ihi
1707 1590 1772 1628 est

135 1674 211 1713 per
244 1660 491 1710 efficaciam,
535 1661 635 1713 quia
669 1661 825 1701 virtute
858 1661 1093 1703 divinitatis
1128 1662 1250 1713 panis
1285 1664 1325 1703 et
1361 1663 1505 1703 vinum
1540 1666 1771 1704 transeunt

136 1737 174 1777 in
210 1750 364 1790 corpus
397 1737 567 1787 Christi,
610 1740 653 1778 et
685 1738 769 1778 tale
802 1738 957 1779 transit
992 1741 1032 1779 et
1065 1738 1262 1788 sumitur,
1313 1743 1523 1791 quantum
1570 1742 1611 1780 et
1644 1740 1770 1792 quale

135 1816 199 1854 est
230 1814 284 1855 ad
318 1814 538 1855 dexteram
574 1814 727 1854 Patris.

276 1890 395 1931 Solet
427 1890 603 1942 opponi:
640 1890 683 1930 Si
712 1893 828 1931 totus
862 1890 1057 1940 sumitur,
1093 1904 1192 1942 ergo
1221 1892 1366 1932 anima
1394 1895 1435 1932 et
1468 1892 1668 1933 divinitas
1702 1906 1771 1932 su-

138 1966 268 2007 mitur
287 1969 312 2008 2.
377 1966 473 2006 Non
508 1967 718 2019 sequitur;
764 1967 872 2007 sicut
907 1981 1001 2008 cum
1038 1967 1210 2009 dicitur:
1254 1969 1338 2009 Iste
1381 1971 1444 2010 est
1477 1972 1594 2009 totus
1627 1969 1769 2017 alhus;

138 2056 238 2095 ergo
273 2043 418 2084 anima
453 2043 543 2084 eius
585 2045 649 2083 est
690 2043 802 2085 alba.
868 2042 962 2083 Non
1006 2047 1069 2084 est
1102 2057 1265 2086 verum.
1332 2044 1535 2086 Similiter
1577 2045 1771 2086 Christus

134 2132 320 2172 persona
342 2119 412 2160 illa
433 2119 654 2160 descendit
675 2119 729 2159 ad
757 2120 933 2168 inferos;
964 2133 1062 2171 ergo
1092 2133 1259 2172 corpus.
1324 2121 1498 2161 Falsum
1528 2124 1609 2169 est;
1635 2121 1767 2161 immo

133 2195 370 2237 secundum
399 2196 589 2237 animam
615 2197 785 2237 tantum
814 2196 1047 2237 descendit.
1111 2196 1174 2238 Ita
1195 2200 1338 2249 potest
1359 2198 1533 2249 exponi:
1568 2197 1762 2238 Christus

276 2344 296 2377 ἰ.)
324 2344 375 2377 eis
401 2344 522 2377 0122.R.
598 2344 618 2377 6
645 2344 799 2378 confessi
822 2357 885 2378 mn.
904 2347 944 2379 ⁴1.
1012 2345 1052 2378 15
1080 2347 1114 2378 et
1128 2344 1212 2388 tale]
1241 2350 1276 2379 et
1297 2357 1424 2389 corpus
1451 2347 1487 2378 Β.
1561 2345 1601 2378 19
1618 2344 1768 2388 corpori]

135 2405 261 2437 iterum
284 2406 325 2438 A.
425 2403 469 2436 22
495 2403 556 2436 secl
583 2415 652 2436 non
682 2406 721 2436 B.
845 2403 921 2437 dico
945 2404 984 2436 B.
1107 2405 1151 2437 23
1179 2404 1256 2437 eius
1281 2417 1344 2438 om.
1366 2406 1408 2438 B.

278 2548 289 2565 ¹
317 2548 361 2583 cf.
391 2550 505 2591 Epist.
533 2547 725 2582 Gilberti
752 2547 985 2580 Porretani
1019 2547 1062 2581 ad
1090 2547 1360 2581 Matthaeum
1388 2547 1589 2581 abbatem
1617 2547 1649 2580 S.
1678 2547 1771 2580 Flo-

135 2609 267 2641 rentii
297 2607 611 2642 Sulmuriensis
638 2607 718 2649 (PL.
751 2606 826 2647 188,
858 2606 945 2640 1258
963 2608 1022 2645 Al:
1065 2606 1256 2647 Quaeritur
1283 2607 1325 2640 de
1352 2606 1433 2642 illis.
1463 2607 1521 2650 qui
1550 2609 1771 2650 peregerunt

136 2667 277 2711 aliquod
306 2667 489 2701 criminale
516 2667 718 2701 conscie-nte
746 2666 940 2705 sacerdote,
975 2666 1003 2699 si
1032 2667 1216 2710 postulent
1249 2666 1363 2710 ipsum
1392 2665 1613 2700 sacerdotem
1641 2677 1770 2710 corpus

137 2726 280 2766 Christi,
321 2727 350 2760 si
378 2726 506 2760 debeat
533 2726 583 2759 illi
611 2725 779 2768 denegari
807 2737 850 2758 an
877 2737 956 2758 non.
1009 2725 1063 2758 Ad
1091 2725 1182 2769 quod
1211 2725 1360 2758 dicimus
1386 2727 1479 2758 teste
1508 2725 1769 2768 Augustino,

137 2786 229 2830 quod
255 2786 435 2819 admoneri
468 2785 608 2824 debenty
646 2797 715 2818 non
742 2784 865 2818 arceri.
917 2784 972 2818 Ex
999 2796 1067 2828 quo
1095 2785 1267 2818 habemus
1296 2784 1498 2828 exemplum
1527 2783 1671 2822 Christi,
1709 2785 1768 2828 qui

137 2845 249 2879 Judae
276 2845 445 2889 proditori
472 2855 600 2888 corpus
627 2847 663 2877 et
690 2844 898 2886 sanguinem
926 2856 1028 2877 suum
1054 2843 1214 2884 tradidit,
1242 2844 1359 2877 sciens
1386 2855 1465 2877 eum
1487 2843 1705 2877 immundum
1735 2846 1770 2877 et

137 2916 174 2938 se
201 2904 426 2945 traditurum,
460 2904 612 2938 nondum
647 2903 739 2937 enim
772 2903 982 2948 publicanus
1015 2905 1091 2937 erat
1127 2915 1191 2936 nec
1224 2905 1327 2937 extra
1354 2903 1635 2936 communionem
1663 2904 1770 2937 eccle-

138 2963 211 2997 siae
237 2963 386 3007 positus.
436 2963 483 2996 Et
508 2963 586 2997 ideo
614 2963 778 3007 quamvis
805 2962 960 2996 sciamus
986 2963 1139 3007 aliquem
1160 2962 1195 2995 in
1217 2962 1334 3006 aliquo
1356 2962 1531 2996 criminali
1553 2965 1767 3004 manentem,

138 3035 206 3057 non
233 3023 401 3056 debemus
428 3023 459 3056 ei
486 3022 662 3065 denegare
689 3034 817 3066 corpus
845 3021 986 3062 Christi„
1023 3022 1053 3056 si
1081 3024 1241 3066 quaerat,
1272 3021 1340 3056 nisi
1367 3022 1414 3055 sit
1440 3022 1769 3056 excommunicatus

139 3084 174 3115 et
200 3084 302 3115 extra
328 3081 610 3115 communionem
640 3081 813 3115 ecclesiae
840 3081 989 3125 positus.
1047 3081 1091 3114 cf.
1119 3093 1147 3115 c.
1170 3082 1225 3115 67.
1253 3080 1295 3114 de
1322 3093 1416 3116 cons.
1445 3081 1476 3114 d.
1499 3081 1529 3116 2.

280 3140 291 3157 '²
318 3140 561 3180 Rolandus,
588 3152 620 3184 p.
649 3141 728 3174 227.

1790 1064 1824 1088 10

1794 1448 1826 1473 15

1792 1828 1826 1852 ‘20
