2106 3453
9 1484 29 1509 f.

50 1485 94 1510 97.

626 224 816 262 Tractatus
844 229 885 263 V.
937 226 988 263 De
1014 227 1260 264 sacramentis
1672 231 1762 268 111*

123 330 235 371 tismi
271 331 458 372 exterior
496 331 687 383 corporis
730 332 894 373 ablutio
933 333 1148 385 significat
1190 335 1434 377 interiorem
1479 337 1650 378 animae
1684 339 1760 380 ab·

123 407 342 449 lationem.

267 484 339 524 Vel
379 484 462 524 alia
501 484 610 524 ratio
644 485 763 525 reddi
799 487 952 537 potest.
1018 487 1110 528 Duo
1153 501 1339 541 namque
1372 490 1519 541 populi
1553 490 1759 531 adversus

122 572 166 599 se
200 559 520 601 discordabant.
584 560 733 601 Judaei
768 560 1010 602 idolatriam
1057 565 1096 603 et
1137 564 1241 604 ritus
1284 565 1505 615 gentilium
1552 566 1759 607 abhorre-

119 635 237 685 bant,
284 636 462 686 gentiles
502 649 602 676 vero
644 636 1009 679 circumcisionem
1056 641 1097 679 et
1130 640 1236 681 ritus
1269 640 1532 682 Judaeorum
1567 643 1795 684 similiter5

119 711 426 753 abhorrebant.
492 712 549 753 Ut
582 713 708 763 igitur
741 713 849 754 duos
888 715 1073 766 parietes
1116 716 1154 756 in
1189 729 1234 757 se
1267 730 1353 758 uno
1388 718 1529 770 lapide
1563 719 1758 770 angulari

121 788 328 828 Dominus
361 789 583 840 copularet
618 789 686 842 (cf.
721 789 826 842 Eple.
855 792 895 842 ⁴2,
922 791 987 843 14,
1023 791 1110 844 20),
1146 793 1293 843 voluit,
1327 796 1374 834 ut
1408 794 1448 834 in
1482 798 1757 837 sacramento

118 863 321 916 baptismi
357 877 507 905 omnes
540 865 775 906 remedium
812 870 1086 918 quaererent,
1120 868 1218 909 hinc
1251 869 1357 910 ritus
1386 870 1626 921 idolatriae,
1659 871 1758 913 inde

119 952 219 980 vero
252 953 431 991 regnui'n
466 940 726 982 Judaeorum
762 941 1001 992 destruens,
1037 943 1147 984 sicut
1179 944 1238 984 ait
1270 945 1570 998 Apostolus,
1605 948 1758 987 solvens

116 1015 291 1056 inediam}
307 1017 507 1069 parietem
531 1018 743 1069 maceriae,
766 1018 885 1072 leyem
909 1019 1159 1059 decretormn
1181 1022 1650 1076 emomms(Eplz.2,14,
1669 1025 1756 1077 15).

259 1091 333 1132 Vel
375 1092 515 1133 aliter:
562 1092 838 1134 Circumcisio
882 1089 1054 1146 quidem
1099 1098 1140 1136 et
1182 1096 1266 1138 alia
1305 1102 1578 1140 sacramenta
1625 1100 1756 1140 insuf-

116 1166 302 1208 ficientia
337 1170 476 1216 erant;
525 1169 601 1208 soli
637 1169 747 1209 enim
782 1169 860 1209 viri
894 1173 935 1210 et
968 1184 1054 1211 non
1089 1172 1288 1213 mulieres
1323 1173 1755 1227 circumcidebantur,

117 1245 159 1283 et
191 1256 215 1284 a
248 1244 398 1295 poenis
430 1246 599 1285 tantum
634 1245 914 1286 solvebantur
956 1249 997 1287 et
1039 1247 1202 1288 aditum
1247 1261 1332 1289 non
1377 1251 1598 1291 rese-rabat
1640 1252 1754 1304 ipsis.

115 1319 444 1361 Sacramentum
488 1333 588 1361 vero
635 1321 838 1373 baptismi
884 1323 1085 1364 omnibus
1129 1337 1357 1366 commune
1404 1328 1480 1375 est,
1526 1329 1614 1368 tam
1656 1328 1754 1369 viris

114 1408 244 1447 quam
280 1396 527 1437 mulieribus
561 1400 602 1438 et
629 1399 773 1438 omnia
808 1402 986 1451 peccata
1020 1402 1106 1440 tam
1144 1400 1367 1452 originalia
1400 1416 1529 1455 quam
1565 1406 1753 1446 actualia

114 1470 227 1512 delet
272 1474 314 1512 et
358 1465 533 1525 insuper
574 1473 802 1514 caelestem
850 1475 1014 1516 aditum
1062 1480 1238 1527 reserat,
1275 1479 1279 1529 Ι
1316 1480 1361 1518 ut
1403 1479 1437 1519 si
1481 1480 1611 1532 aliqui
1657 1484 1755 1533 post

114 1547 378 1599 baptismum
413 1549 667 1599 moriuntur,
702 1550 794 1591 sine
827 1551 1033 1593 dilatione
1066 1552 1246 1594 tendant
1279 1554 1320 1594 in
1353 1554 1549 1606 gloriam.

254 1623 377 1664 Item
411 1625 588 1677 quaeri
624 1625 775 1676 solet,
821 1627 861 1666 si
900 1627 1073 1668 statim
1115 1631 1230 1681 post
1263 1630 1507 1682 baptismi
1544 1632 1753 1674 institu-

111 1698 300 1740 tionem
338 1700 660 1742 circumcisio
695 1715 834 1743 suam
870 1703 1102 1745 amiserit
1136 1705 1469 1748 efficaciam.1

252 1776 440 1817 Dicimus
473 1777 589 1830 quod
623 1778 665 1818 in
698 1779 777 1819 illis
810 1782 979 1821 tantum
1014 1794 1135 1822 suam
1177 1782 1318 1823 amisit
1360 1784 1609 1836 efficaciam,
1657 1787 1787 1838 qui-<2

108 1851 189 1892 bus
221 1852 407 1903 perfecte
440 1853 626 1894 innotuit
660 1854 868 1895 institutio
896 1855 979 1906 illa,
1015 1869 1145 1909 quam
1175 1857 1383 1900 Dominus
1411 1863 1509 1912 post
1535 1874 1749 1904 resurrec-

108 1927 269 1968 tionem
304 1928 417 1969 fecit:
464 1928 527 1969 Ite
559 1929 764 1983 baptizate
796 1944 932 1971 onmes
960 1936 1097 1985 syentes
1129 1933 1174 1972 m
1206 1936 1371 1975 nomine
1404 1936 1547 1976 Patris
1578 1941 1614 1977 et
1648 1938 1752 1978 Filii

107 2006 143 2042 et
176 2002 362 2056 Spiritus
393 2006 526 2045 sancti
558 2005 723 2058 (Matth.
758 2008 828 2058 28„
854 2008 939 2060 19).
1002 2008 1141 2049 Hodie
1180 2023 1282 2050 vero
1324 2024 1400 2063 pro
1444 2012 1641 2055 idolatria
1684 2027 1750 2055 re-

107 2081 299 2130 putatur,
335 2093 432 2120 cum
468 2081 626 2122 veritas
659 2082 819 2134 ubique
851 2084 1138 2136 praedicetur.

224 2155 406 2196 Forma
448 2170 546 2198 vero
585 2160 878 2200 sacramenti2
920 2163 983 2201 est
1023 2160 1107 2211 illa,
1155 2174 1284 2214 quam
1320 2163 1529 2205 Dominus
1570 2165 1783 2206 tradidite

107 2230 324 2284 discipulis
367 2233 473 2274 suis:
519 2233 676 2274 Eemtes
716 2235 760 2275 in
803 2236 1005 2276 mundam
1047 2239 1126 2278 etc.
1171 2238 1338 2292 (Mattlz.
1373 2241 1443 2291 25,
1471 2242 1556 2295 18).
1621 2242 1747 2282 Invo-

106 2307 275 2348 catione
308 2308 440 2349 totius
467 2309 688 2352 Trinitatis
722 2311 850 2353 debet
882 2312 973 2353 fieri
1000 2313 1256 2366 baptismus,
1291 2315 1400 2357 sicut
1428 2317 1529 2357 dicit
1555 2317 1747 2359 Zacha-

106 2382 208 2424 rias
247 2396 379 2437 papa
412 2385 583 2427 cuidam
618 2386 932 2430 Bonifatio3:
977 2389 1212 2439 ,Statutum
1255 2394 1318 2432 est
1356 2392 1398 2433 in
1444 2393 1622 2434 concilio
1656 2395 1746 2434 An-

104 2458 286 2511 glorum,
333 2463 378 2501 ut
423 2463 668 2515 quicunque
710 2463 968 2516 baptizatur,
1015 2465 1057 2506 in
1102 2466 1216 2508 hunc
1255 2468 1433 2509 modum
1481 2472 1521 2510 et
1561 2470 1742 2512 formam

246 2631 266 2664 3
294 2631 397 2673 ratio]
425 2643 533 2666 causa
554 2632 597 2668 A.
695 2634 715 2666 9
743 2635 905 2677 regnum]
933 2635 1025 2669 ritus
1048 2637 1104 2670 Β.-
1197 2638 1238 2671 10
1266 2638 1439 2682 parietem
1468 2641 1597 2673 addidi
1623 2653 1744 2675 secun-

105 2690 187 2722 dnm
217 2692 434 2734 Apostolum,
463 2703 527 2725 om.
550 2695 580 2725 A
598 2694 639 2728 B.
754 2695 796 2727 13
823 2694 911 2738 ipsis
937 2707 1001 2728 om.
1025 2696 1065 2731 IJ’.
1169 2697 1211 2730 16
1238 2699 1277 2730 ui:
1303 2710 1367 2731 om.
1391 2700 1432 2732 B.
1526 2705 1607 2741 post
1633 2700 1744 2745 aliqui

105 2750 190 2782 add.
217 2750 249 2782 Β
275 2750 409 2784 statim.
511 2750 552 2784 18
579 2751 607 2784 si
635 2763 700 2785 om.
730 2754 772 2787 B.
874 2754 916 2787 19
942 2754 1065 2788 amisit
1093 2755 1133 2791 Β.
1232 2756 1277 2790 20
1304 2756 1741 2794 dicimus...efficaciam

106 2809 136 2840 A
163 2810 199 2841 iu
226 2820 339 2852 mary.
438 2809 480 2844 21
509 2810 669 2854 profecte
696 2813 737 2845 B.
837 2812 881 2846 27
909 2813 1020 2847 totius
1046 2826 1109 2848 om.
1136 2819 1176 2850 A,

248 2962 259 2980 ¹
286 2965 349 2998 SS.
377 2964 415 2998 L.
441 2976 469 3000 c,
498 2976 529 3009 p.
561 2965 627 3000 128
654 2966 690 3000 O.
863 3009 865 3011 ι
1048 3008 1049 3011 ¹

248 3021 260 3039 ‘²
286 3024 348 3056 SS.
375 3023 418 3064 V,
448 3024 479 3058 3.
509 3025 590 3066 (129
605 3027 661 3067 A),
689 3025 831 3061 Lomb.
858 3029 952 3061 Sent.
980 3028 1001 3063 l.
1029 3028 1091 3064 IV.
1119 3029 1150 3066 d.
1178 3029 1209 3064 3.
1238 3041 1266 3065 c,
1294 3030 1325 3064 2.
1539 3049 1541 3051 ·

248 3080 260 3099 3
286 3082 380 3124 Ivo,
404 3084 491 3117 Pan.
518 3084 544 3125 I,
573 3085 634 3130 633
664 3087 797 3119 Decret.
825 3087 850 3127 I,
881 3087 958 3122 169.
986 3087 1085 3122 Grat.
1113 3100 1142 3123 c.
1170 3089 1225 3130 83.
1253 3090 1416 3133 decons.
1444 3091 1475 3126 d.
1502 3093 1536 3126 4.
1581 3116 1588 3119 -

1781 1042 1811 1067 10

1776 1422 1807 1445 15
