2106 3453
308 1064 340 1089 10

309 1442 342 1467 15

313 2578 348 2604 30

357 252 400 300 7²8
409 262 425 282 ²³⁴
949 262 1155 299 Sententiae
1182 263 1394 300 divinitatis.

356 369 465 420 plius
498 368 759 419 timebimus,
799 382 852 409 ne
885 369 1073 419 recedat,
1121 369 1412 419 Augustino
1446 370 1633 409 testante
1652 369 1679 417 1,
1722 368 1839 421 quod
1883 382 1979 409 cum

357 445 521 486 venerit
557 445 668 486 Deus
702 445 755 486 ad
784 445 1165 495 remunerandum,
1199 447 1240 485 et
1266 444 1531 486 beatitudine
1558 445 1827 496 perfruemur
1852 447 1984 497 atque

356 520 636 570 timebimus,
664 533 717 561 ne
762 520 947 562 recedat.
1023 520 1107 560 Sed
1145 519 1334 572 perfecta
1379 520 1534 561 caritas
1582 520 1763 572 expellet
1807 520 1981 560 modum

357 597 550 646 timendi,
578 596 736 637 scilicet
764 609 817 637 ne
852 598 1030 649 propter
1056 609 1242 648 poenam
1276 596 1520 645 timeamus,
1555 595 1691 636 securi
1720 596 1772 636 de
1808 598 1983 637 aeterno

357 672 565 724 praemio,
602 675 643 713 et
675 672 783 713 sicut
817 673 973 714 caritas
1007 672 1085 713 erit
1125 672 1216 713 sine
1255 674 1431 713 aeterno
1464 672 1612 713 labore
1646 674 1687 712 et
1720 671 1880 721 dolore,
1927 672 1986 712 ita

357 747 487 788 timor
520 748 598 789 erit
630 748 755 789 nullis
788 748 1005 789 admixtus
1038 748 1259 800 angustiis.

500 824 564 864 Ita
597 813 799 864 Christus
827 826 868 865 et
900 837 1014 864 nunc
1046 824 1088 863 in
1122 824 1241 865 caelo
1274 826 1317 864 et
1349 823 1389 863 in
1424 826 1551 873 terra,
1593 823 1830 864 secundum
1871 823 1986 875 quod

358 899 502 949 bomo,
536 900 672 949 timet,
706 899 873 940 timebit
906 900 1055 949 Deum,
1090 913 1142 940 ne
1175 899 1361 949 recedat,
1396 899 1486 940 sine
1520 887 1680 949 labore,
1715 899 1874 948 dolore,
1911 911 1986 940 an·

358 975 499 1027 gustia
532 978 574 1016 et
600 975 692 1016 sine
718 975 835 1016 omni
862 975 1047 1017 miseria.
1076 975 1200 1016 Hunc
1227 965 1586 1016 timoremhabet
1612 988 1725 1016 nunc
1752 977 1793 1016 et
1820 988 1989 1027 semper

361 1050 550 1100 babebit,
584 1050 694 1091 sicut
727 1050 949 1092 caritatem
985 1050 1059 1090 Dei
1093 1063 1206 1091 nunc
1239 1050 1370 1091 babet
1405 1052 1446 1091 et
1479 1063 1649 1102 semper
1681 1050 1858 1091 habebit
1891 1050 1988 1091 abs-

360 1140 444 1180 que
494 1127 610 1168 omni
662 1127 873 1168 molestia.
916 1122 1142 1167 'Similiter
1192 1129 1233 1167 et
1279 1139 1358 1167 nos
1402 1126 1445 1167 in
1490 1126 1632 1167 futuro
1679 1126 1901 1177 diligemus
1949 1128 1990 1166 et

360 1194 608 1244 timebimus
640 1203 777 1243 Deum
811 1203 902 1244 sine
935 1203 1053 1243 omni
1087 1202 1318 1253 anxietate,
1353 1203 1455 1255 quia
1487 1204 1589 1243 tunc
1622 1202 1820 1253 diligetur
1858 1204 1900 1243 et
1940 1202 1989 1242 ti-

361 1279 547 1320 mebitur
578 1293 604 1321 a
636 1279 760 1320 nobis
792 1279 919 1320 Deus.
984 1278 1108 1319 Unde
1141 1277 1175 1318 si
1209 1277 1384 1330 quando
1419 1278 1682 1319 inveniatur:
1719 1278 1777 1328 ,In
1812 1280 1989 1318 aeterna

361 1355 509 1407 requie
540 1368 626 1396 non
660 1347 942 1405 timebimus‘,
980 1355 1038 1396 ita
1072 1354 1149 1394 erit
1183 1353 1517 1405 intelligendum,
1552 1356 1600 1394 ut
1640 1366 1725 1394 non
1759 1365 1892 1404 genus
1930 1353 1991 1393 af-

362 1430 569 1480 fectionis,
630 1430 704 1471 sed
758 1430 913 1471 modus
973 1429 1187 1470 afficiendi
1247 1432 1534 1470 removeatur.
1612 1418 1989 1479 Quemadmodum

363 1505 475 1546 enim
515 1507 557 1546 in
597 1506 740 1547 futuro
783 1507 883 1558 post
920 1504 1277 1546 resurrectionem
1311 1505 1470 1546 erimus
1502 1504 1543 1545 in
1589 1517 1769 1557 corpore
1814 1503 1992 1545 colorati

363 1581 589 1622 affectione
622 1581 748 1622 huius
780 1581 962 1633 generis,
996 1581 1155 1621 scilicet
1188 1580 1399 1630 albedine,
1434 1582 1475 1621 et
1509 1582 1609 1621 tunc
1642 1579 1887 1620 timebimus
1932 1580 1992 1620 af-

363 1657 544 1698 fectione
577 1657 703 1698 huius
736 1657 916 1708 generis,
958 1656 1117 1697 scilicet
1151 1655 1316 1706 timore,
1357 1656 1435 1696 ne'c
1467 1668 1601 1706 genus
1642 1646 1992 1696 affectionisex-

363 1733 492 1785 pellet
524 1745 658 1784 genus
692 1731 944 1781 affectionis,
979 1745 1057 1773 nec
1089 1732 1261 1773 affectio
1296 1731 1579 1778 affectionem,
1625 1744 1702 1772 nec
1744 1731 1900 1772 caritas
1941 1731 1992 1770 ti-

310 1819 325 1843 ‘2
364 1821 531 1849 morem
574 1821 651 1849 nec
686 1809 815 1848 timor
847 1808 1086 1857 caritatem,
1128 1807 1335 1860 quoniam
1381 1809 1566 1859 utroque
1612 1810 1713 1848 tunc
1757 1806 1994 1847 afficiemur

364 1886 410 1924 ut
443 1886 484 1924 et
516 1883 744 1934 diligamus
777 1897 827 1925 ex
854 1884 1081 1925 affectione
1114 1883 1304 1925 caritatis
1337 1885 1379 1923 et
1410 1883 1641 1924 timeamus
1675 1896 1725 1923 ex
1751 1882 1991 1931 affectione,

364 1959 545 2010 timoris,
584 1959 660 2001 sed
693 1959 849 2000 modus
881 1959 1061 2000 timendi
1104 1959 1276 2020 expellit
1317 1959 1492 1999 modum
1537 1957 1714 1999 timendi
1757 1960 1798 1998 et
1841 1957 1993 1998 modus

365 2035 565 2087 diligendi
599 2035 764 2076 auferet
797 2035 975 2075 modum
1009 2034 1225 2086 diligendi,
1258 2034 1360 2087 quia
1394 2037 1496 2075 tunc
1527 2034 1751 2085 diligemus
1778 2033 1868 2073 sine
1895 2045 1993 2085 pas-

365 2110 497 2161 sione,
531 2111 604 2163 qui
637 2124 733 2152 cum
767 2111 915 2151 dolore
949 2123 1062 2151 nunc
1094 2110 1311 2161 diligimus
1346 2112 1386 2151 et
1419 2111 1633 2151 timemus.

507 2186 692 2236 Quidam
727 2189 870 2227 autem
905 2186 964 2227 sic
997 2188 1240 2238 opponunt:
1281 2185 1325 2226 Si
1359 2186 1399 2227 in
1435 2185 1521 2226 vita
1554 2185 1697 2226 futura
1731 2184 1992 2232 timebimus,

365 2276 452 2303 non
496 2262 624 2314 igitur
674 2263 863 2315 perfecta
915 2262 993 2304 erit
1042 2262 1264 2304 beatitudo
1323 2264 1486 2312 nostra,
1532 2262 1633 2314 quia
1684 2261 1822 2302 omnis
1867 2260 1996 2300 timor

366 2339 510 2391 passio
545 2341 620 2389 est,
655 2341 696 2380 et
729 2339 787 2379 ita
820 2339 1059 2380 nescientes
1091 2338 1171 2379 hoc
1212 2338 1216 2392 l
1258 2338 1373 2390 quod
1404 2337 1569 2378 videtur
1595 2337 1762 2378 ratione
1789 2349 1881 2377 esse
1908 2335 1992 2376 sol-

366 2415 569 2466 vendum,
611 2415 758 2456 dicunt
790 2415 988 2455 timorem
1024 2414 1156 2464 illum,
1199 2414 1359 2455 scilicet
1391 2416 1572 2463 castum,
1616 2413 1719 2453 nihil
1752 2412 1871 2453 aliud
1905 2424 1995 2452 esse

367 2504 496 2543 quam
542 2491 766 2532 caritatem
809 2492 850 2531 et
889 2490 1174 2531 dilectionem.
1251 2490 1337 2530 Sed
1379 2490 1488 2531 sicut
1533 2489 1710 2541 nigredo
1756 2491 1797 2529 et
1841 2487 1995 2530 albedo

369 2566 564 2609 diversae
597 2569 697 2607 sunt
730 2566 991 2617 affectiones,
1026 2566 1085 2607 ita
1118 2568 1218 2607 sunt
1251 2568 1292 2607 et
1324 2566 1366 2607 in
1399 2566 1541 2607 futuro
1575 2565 1751 2605 omnino
1785 2564 1994 2614 diversae,

512 2738 527 2771 1
556 2739 753 2771 attestante
781 2739 823 2772 B.
930 2736 950 2770 3
977 2735 1100 2769 modos
1126 2738 1170 2771 A.
1287 2736 1330 2769 17
1358 2735 1578 2769 affectionem
1601 2736 1632 2767 Α
1659 2733 1822 2767 albedine
1848 2734 1998 2775 .5⁴c}·ipsi;

367 2797 518 2831 ‘caritate
551 2799 582 2830 A
605 2799 646 2832 Β.
786 2795 830 2828 23
864 2794 982 2829 aufert
1004 2797 1044 2829 A.
1185 2793 1329 2828 2701200
1360 2793 1590 2838 quodihanc
1622 2804 1713 2836 quae
1739 2791 1881 2825 videtur
1907 2790 1996 2824 ratio

369 2867 447 2890 esse
474 2856 573 2890 solve
600 2858 641 2890 Β.

512 3004 523 3021 1
549 3004 593 3039 cf.
623 3004 802 3047 August.
840 3005 891 3037 De
920 3005 1040 3045 qratia
1082 3004 1171 3035 Nori
1200 3003 1348 3035 Testam.
1377 3001 1465 3034 liber
1490 3012 1549 3033 sen
1577 3002 1693 3043 Epist.
1723 2999 1798 3032 140.
1826 3010 1854 3034 C.
1882 2998 1936 3034 21.
1963 3009 1996 3032 11.

369 3063 424 3098 53.
449 3062 533 3103 (PL.
561 3062 616 3103 33,
645 3063 745 3103 560):
798 3062 974 3097 ...timet
1009 3072 1051 3095 ne
1091 3060 1189 3094 Deus
1225 3071 1304 3094 eam
1340 3057 1492 3100 deserat,
1521 3058 1664 3092 etiamsi
1697 3057 1803 3092 nullis
1839 3056 1997 3090 dolorum

369 3122 586 3156 cruciatibus
606 3122 741 3167 puniat.
794 3121 859 3154 Hic
880 3121 986 3154 timor
1007 3122 1130 3154 castus
1150 3127 1222 3159 θεῖς
1251 3131 1319 3153 non
1354 3130 1431 3152 eum
1463 3119 1595 3152 caritas
1617 3118 1712 3157 eicit,
1734 3116 1795 3150 sed
1817 3115 1996 3150 adsciscit.

2014 2352 2032 2377 f.
2043 2351 2073 2377 91
2086 2351 2106 2376 v'
