<?xml version="1.0" encoding="UTF-8"?>
<!DOCTYPE html PUBLIC "-//W3C//DTD XHTML 1.0 Transitional//EN"
    "http://www.w3.org/TR/xhtml1/DTD/xhtml1-transitional.dtd">
<html xmlns="http://www.w3.org/1999/xhtml" xml:lang="en" lang="en">
 <head>
  <title>
</title>
<meta http-equiv="Content-Type" content="text/html;charset=utf-8" />
  <meta name='ocr-system' content='tesseract 3.04.00' />
  <meta name='ocr-capabilities' content='ocr_page ocr_carea ocr_par ocr_line ocrx_word'/>
</head>
<body>
  <div class='ocr_page' id='page_1' title='image "./diesententiaediv00geye_0113.png"; bbox 0 0 2106 3453; ppageno 0'>
   <div class='ocr_carea' id='block_1_1' title="bbox 288 237 1773 287">
    <p class='ocr_par' dir='ltr' id='par_1_1' title="bbox 288 237 1773 287">
     <span class='ocr_line' id='line_1_1' title="bbox 288 237 1773 287; baseline 0.001 -11"><span class='ocrx_word' id='word_1_1' title='bbox 288 238 479 277; x_wconf 77' lang='lat' dir='ltr'>Tractatus</span> <span class='ocrx_word' id='word_1_2' title='bbox 509 240 549 278; x_wconf 91' lang='lat' dir='ltr'>Il.</span> <span class='ocrx_word' id='word_1_3' title='bbox 601 239 653 276; x_wconf 89' lang='lat' dir='ltr'>De</span> <span class='ocrx_word' id='word_1_4' title='bbox 680 239 859 277; x_wconf 72' lang='lat' dir='ltr'>creatione</span> <span class='ocrx_word' id='word_1_5' title='bbox 886 237 990 287; x_wconf 85' lang='lat' dir='ltr'>primi</span> <span class='ocrx_word' id='word_1_6' title='bbox 1017 237 1171 276; x_wconf 87' lang='lat' dir='ltr'>hominis</span> <span class='ocrx_word' id='word_1_7' title='bbox 1197 244 1234 276; x_wconf 84' lang='grc'>01</span> <span class='ocrx_word' id='word_1_8' title='bbox 1260 238 1301 276; x_wconf 85' lang='lat' dir='ltr'>de</span> <span class='ocrx_word' id='word_1_9' title='bbox 1328 238 1438 277; x_wconf 91' lang='lat' dir='ltr'>libero</span> <span class='ocrx_word' id='word_1_10' title='bbox 1465 238 1623 278; x_wconf 77' lang='lat' dir='ltr'>arbitrio.</span> <span class='ocrx_word' id='word_1_11' title='bbox 1704 238 1773 278; x_wconf 76' lang='lat'>35*</span> 
     </span>
    </p>
   </div>
   <div class='ocr_carea' id='block_1_2' title="bbox 142 346 1775 630">
    <p class='ocr_par' dir='ltr' id='par_1_2' title="bbox 142 346 1775 630">
     <span class='ocr_line' id='line_1_2' title="bbox 142 346 1773 401; baseline 0.001 -14"><span class='ocrx_word' id='word_1_12' title='bbox 142 351 260 387; x_wconf 71' lang='lat' dir='ltr'>tatem</span> <span class='ocrx_word' id='word_1_13' title='bbox 284 348 427 401; x_wconf 66' lang='lat' dir='ltr'>(Cant.</span> <span class='ocrx_word' id='word_1_14' title='bbox 456 347 496 398; x_wconf 64' lang='lat'>2,</span> <span class='ocrx_word' id='word_1_15' title='bbox 520 346 576 400; x_wconf 66' lang='lat'>4).</span> <span class='ocrx_word' id='word_1_16' title='bbox 636 346 839 388; x_wconf 77' lang='lat' dir='ltr'>Similiter</span> <span class='ocrx_word' id='word_1_17' title='bbox 866 346 918 388; x_wconf 88' lang='lat' dir='ltr'>de</span> <span class='ocrx_word' id='word_1_18' title='bbox 945 346 1191 388; x_wconf 84' lang='lat' dir='ltr'>inordinata</span> <span class='ocrx_word' id='word_1_19' title='bbox 1218 347 1441 389; x_wconf 85' lang='lat' dir='ltr'>voluntate</span> <span class='ocrx_word' id='word_1_20' title='bbox 1467 348 1773 399; x_wconf 75' lang='lat' dir='ltr'>arguebantur,</span> 
     </span>
     <span class='ocr_line' id='line_1_3' title="bbox 142 421 1774 476; baseline 0.001 -13"><span class='ocrx_word' id='word_1_21' title='bbox 142 423 296 475; x_wconf 86' lang='lat' dir='ltr'>quibus</span> <span class='ocrx_word' id='word_1_22' title='bbox 341 423 584 464; x_wconf 77' lang='lat' dir='ltr'>dicebatur:</span> <span class='ocrx_word' id='word_1_23' title='bbox 638 421 807 463; x_wconf 60' lang='lat' dir='ltr'>Nescitis</span> <span class='ocrx_word' id='word_1_24' title='bbox 848 423 947 476; x_wconf 71' lang='lat' dir='ltr'>quid</span> <span class='ocrx_word' id='word_1_25' title='bbox 983 424 1134 476; x_wconf 66' lang='lat' dir='ltr'>petatis</span> <span class='ocrx_word' id='word_1_26' title='bbox 1175 423 1324 476; x_wconf 72' lang='lat' dir='ltr'>(Marc.</span> <span class='ocrx_word' id='word_1_27' title='bbox 1372 423 1548 476; x_wconf 67' lang='lat'>]()‚.³38).</span> <span class='ocrx_word' id='word_1_28' title='bbox 1622 424 1706 465; x_wconf 73' lang='lat' dir='ltr'>Sed</span> <span class='ocrx_word' id='word_1_29' title='bbox 1750 438 1774 465; x_wconf 90' lang='lat' dir='ltr'>a</span> 
     </span>
     <span class='ocr_line' id='line_1_4' title="bbox 144 499 1773 551; baseline 0.001 -12"><span class='ocrx_word' id='word_1_30' title='bbox 144 499 301 540; x_wconf 87' lang='lat' dir='ltr'>lumine</span> <span class='ocrx_word' id='word_1_31' title='bbox 339 500 527 541; x_wconf 86' lang='lat' dir='ltr'>veritatis</span> <span class='ocrx_word' id='word_1_32' title='bbox 556 499 695 540; x_wconf 78' lang='lat' dir='ltr'>edocti</span> <span class='ocrx_word' id='word_1_33' title='bbox 722 502 834 549; x_wconf 87' lang='lat' dir='ltr'>sunt,</span> <span class='ocrx_word' id='word_1_34' title='bbox 869 499 1094 540; x_wconf 75' lang='lat' dir='ltr'>distortam</span> <span class='ocrx_word' id='word_1_35' title='bbox 1131 500 1334 541; x_wconf 77' lang='lat' dir='ltr'>reducere</span> <span class='ocrx_word' id='word_1_36' title='bbox 1361 501 1644 551; x_wconf 84' lang='lat' dir='ltr'>voluntatem,</span> <span class='ocrx_word' id='word_1_37' title='bbox 1678 514 1773 541; x_wconf 89' lang='lat' dir='ltr'>cum</span> 
     </span>
     <span class='ocr_line' id='line_1_5' title="bbox 142 575 1775 630; baseline 0.001 -15"><span class='ocrx_word' id='word_1_38' title='bbox 142 575 389 616; x_wconf 86' lang='lat' dir='ltr'>audierunt:</span> <span class='ocrx_word' id='word_1_39' title='bbox 426 575 599 615; x_wconf 69' lang='lat' dir='ltr'>Potestis</span> <span class='ocrx_word' id='word_1_40' title='bbox 630 575 761 615; x_wconf 63' lang='lat' dir='ltr'>bibere</span> <span class='ocrx_word' id='word_1_41' title='bbox 791 576 967 626; x_wconf 69' lang='lat' dir='ltr'>calicem,</span> <span class='ocrx_word' id='word_1_42' title='bbox 1001 589 1114 629; x_wconf 74' lang='lat' dir='ltr'>quem</span> <span class='ocrx_word' id='word_1_43' title='bbox 1149 589 1216 630; x_wconf 63' lang='lat' dir='ltr'>eqo</span> <span class='ocrx_word' id='word_1_44' title='bbox 1250 576 1453 616; x_wconf 66' lang='lat' dir='ltr'>bilu‘tnrns</span> <span class='ocrx_word' id='word_1_45' title='bbox 1484 576 1606 616; x_wconf 63' lang='lat' dir='ltr'>seton?</span> <span class='ocrx_word' id='word_1_46' title='bbox 1626 576 1775 630; x_wconf 66' lang='lat' dir='ltr'>(Marc.</span> 
     </span>
    </p>
   </div>
   <div class='ocr_carea' id='block_1_3' title="bbox 145 651 1810 705">
    <p class='ocr_par' dir='ltr' id='par_1_3' title="bbox 145 651 1810 705">
     <span class='ocr_line' id='line_1_6' title="bbox 145 651 1810 705; baseline -0.001 -14"><span class='ocrx_word' id='word_1_47' title='bbox 145 652 194 692; x_wconf 86' lang='lat' dir='ltr'>L.</span> <span class='ocrx_word' id='word_1_48' title='bbox 228 652 293 705; x_wconf 74' lang='grc'><strong>0.).</strong></span> <span class='ocrx_word' id='word_1_49' title='bbox 359 652 463 693; x_wconf 84' lang='grc' dir='ltr'>Εο00</span> <span class='ocrx_word' id='word_1_50' title='bbox 509 651 709 693; x_wconf 84' lang='lat' dir='ltr'>ordinata</span> <span class='ocrx_word' id='word_1_51' title='bbox 743 652 955 692; x_wconf 84' lang='lat' dir='ltr'>voluntas.</span> <span class='ocrx_word' id='word_1_52' title='bbox 1019 652 1214 705; x_wconf 81' lang='lat' dir='ltr'>Apparet</span> <span class='ocrx_word' id='word_1_53' title='bbox 1249 665 1362 703; x_wconf 72' lang='lat' dir='ltr'>ergo,</span> <span class='ocrx_word' id='word_1_54' title='bbox 1402 653 1518 704; x_wconf 85' lang='lat' dir='ltr'>quod</span> <span class='ocrx_word' id='word_1_55' title='bbox 1552 652 1702 693; x_wconf 87' lang='lat' dir='ltr'>timere</span> <span class='ocrx_word' id='word_1_56' title='bbox 1736 654 1810 693; x_wconf 66' lang='grc'>015</span> 
     </span>
    </p>
   </div>
   <div class='ocr_carea' id='block_1_4' title="bbox 143 728 1787 1770">
    <p class='ocr_par' dir='ltr' id='par_1_4' title="bbox 143 728 1778 932">
     <span class='ocr_line' id='line_1_7' title="bbox 144 728 1778 781; baseline 0.001 -13"><span class='ocrx_word' id='word_1_57' title='bbox 144 740 291 769; x_wconf 87' lang='lat' dir='ltr'>amare</span> <span class='ocrx_word' id='word_1_58' title='bbox 337 728 534 769; x_wconf 86' lang='lat' dir='ltr'>absolute</span> <span class='ocrx_word' id='word_1_59' title='bbox 579 728 827 769; x_wconf 77' lang='lat' dir='ltr'>affectiones</span> <span class='ocrx_word' id='word_1_60' title='bbox 872 731 985 778; x_wconf 83' lang='lat' dir='ltr'>sunt,</span> <span class='ocrx_word' id='word_1_61' title='bbox 1031 728 1106 769; x_wconf 88' lang='lat' dir='ltr'>sed</span> <span class='ocrx_word' id='word_1_62' title='bbox 1150 742 1227 781; x_wconf 91' lang='lat' dir='ltr'>per</span> <span class='ocrx_word' id='word_1_63' title='bbox 1271 728 1569 770; x_wconf 84' lang='lat' dir='ltr'>additamenta</span> <span class='ocrx_word' id='word_1_64' title='bbox 1615 729 1778 780; x_wconf 76' lang='lat' dir='ltr'>gratiae</span> 
     </span>
     <span class='ocr_line' id='line_1_8' title="bbox 143 804 1778 854; baseline 0.001 -10"><span class='ocrx_word' id='word_1_65' title='bbox 143 804 321 844; x_wconf 86' lang='lat' dir='ltr'>virtutes</span> <span class='ocrx_word' id='word_1_66' title='bbox 356 806 455 845; x_wconf 89' lang='lat' dir='ltr'>sunt</span> <span class='ocrx_word' id='word_1_67' title='bbox 483 804 720 846; x_wconf 82' lang='lat' dir='ltr'>ordinatae.</span> <span class='ocrx_word' id='word_1_68' title='bbox 784 805 847 845; x_wconf 85' lang='lat' dir='ltr'>Ita</span> <span class='ocrx_word' id='word_1_69' title='bbox 875 804 982 845; x_wconf 86' lang='lat' dir='ltr'>velle</span> <span class='ocrx_word' id='word_1_70' title='bbox 1009 804 1204 846; x_wconf 87' lang='lat' dir='ltr'>absolute</span> <span class='ocrx_word' id='word_1_71' title='bbox 1237 805 1398 845; x_wconf 88' lang='lat' dir='ltr'>bonum</span> <span class='ocrx_word' id='word_1_72' title='bbox 1427 807 1637 854; x_wconf 83' lang='lat' dir='ltr'>naturale,</span> <span class='ocrx_word' id='word_1_73' title='bbox 1672 804 1778 845; x_wconf 83' lang='lat' dir='ltr'>velle</span> 
     </span>
     <span class='ocr_line' id='line_1_9' title="bbox 143 880 887 932; baseline 0.001 -12"><span class='ocrx_word' id='word_1_74' title='bbox 143 880 305 920; x_wconf 89' lang='lat' dir='ltr'>bonum</span> <span class='ocrx_word' id='word_1_75' title='bbox 338 880 502 931; x_wconf 78' lang='lat' dir='ltr'>gratiae</span> <span class='ocrx_word' id='word_1_76' title='bbox 535 880 887 932; x_wconf 78' lang='lat' dir='ltr'>supervenientis,</span> 
     </span>
    </p>

    <p class='ocr_par' dir='ltr' id='par_1_5' title="bbox 145 956 1785 1618">
     <span class='ocr_line' id='line_1_10' title="bbox 286 956 1780 1009; baseline 0.001 -13"><span class='ocrx_word' id='word_1_77' title='bbox 286 956 354 997; x_wconf 83' lang='lat' dir='ltr'>Sic</span> <span class='ocrx_word' id='word_1_78' title='bbox 382 956 509 1007; x_wconf 80' lang='lat' dir='ltr'>igitur</span> <span class='ocrx_word' id='word_1_79' title='bbox 536 969 629 997; x_wconf 89' lang='lat' dir='ltr'>cum</span> <span class='ocrx_word' id='word_1_80' title='bbox 657 969 708 996; x_wconf 79' lang='lat' dir='ltr'>ex</span> <span class='ocrx_word' id='word_1_81' title='bbox 734 956 868 997; x_wconf 88' lang='lat' dir='ltr'>libero</span> <span class='ocrx_word' id='word_1_82' title='bbox 901 956 1077 997; x_wconf 88' lang='lat' dir='ltr'>arbitrio</span> <span class='ocrx_word' id='word_1_83' title='bbox 1109 957 1162 996; x_wconf 88' lang='lat' dir='ltr'>sit</span> <span class='ocrx_word' id='word_1_84' title='bbox 1183 956 1303 1005; x_wconf 87' lang='lat' dir='ltr'>velle,</span> <span class='ocrx_word' id='word_1_85' title='bbox 1338 970 1390 997; x_wconf 77' lang='lat' dir='ltr'>ex</span> <span class='ocrx_word' id='word_1_86' title='bbox 1419 957 1524 997; x_wconf 82' lang='lat' dir='ltr'>velle</span> <span class='ocrx_word' id='word_1_87' title='bbox 1553 970 1681 1009; x_wconf 87' lang='lat' dir='ltr'>super</span> <span class='ocrx_word' id='word_1_88' title='bbox 1710 970 1780 997; x_wconf 85' lang='lat' dir='ltr'>ve-</span> 
     </span>
     <span class='ocr_line' id='line_1_11' title="bbox 145 1031 1781 1083; baseline 0.001 -12"><span class='ocrx_word' id='word_1_89' title='bbox 145 1031 288 1072; x_wconf 88' lang='lat' dir='ltr'>niente</span> <span class='ocrx_word' id='word_1_90' title='bbox 333 1032 470 1082; x_wconf 76' lang='lat' dir='ltr'>gratia</span> <span class='ocrx_word' id='word_1_91' title='bbox 513 1033 673 1072; x_wconf 88' lang='lat' dir='ltr'>bonum</span> <span class='ocrx_word' id='word_1_92' title='bbox 708 1032 828 1082; x_wconf 88' lang='lat' dir='ltr'>velle,</span> <span class='ocrx_word' id='word_1_93' title='bbox 874 1033 1076 1073; x_wconf 85' lang='lat' dir='ltr'>meritum</span> <span class='ocrx_word' id='word_1_94' title='bbox 1112 1035 1175 1073; x_wconf 87' lang='lat' dir='ltr'>est</span> <span class='ocrx_word' id='word_1_95' title='bbox 1207 1033 1248 1073; x_wconf 84' lang='lat' dir='ltr'>in</span> <span class='ocrx_word' id='word_1_96' title='bbox 1284 1032 1483 1083; x_wconf 80' lang='lat' dir='ltr'>homine,&#39;</span> <span class='ocrx_word' id='word_1_97' title='bbox 1518 1036 1559 1073; x_wconf 86' lang='lat' dir='ltr'>et</span> <span class='ocrx_word' id='word_1_98' title='bbox 1592 1035 1781 1073; x_wconf 87' lang='lat' dir='ltr'>meretur</span> 
     </span>
     <span class='ocr_line' id='line_1_12' title="bbox 145 1108 1781 1161; baseline 0.001 -13"><span class='ocrx_word' id='word_1_99' title='bbox 145 1108 276 1149; x_wconf 88' lang='lat' dir='ltr'>homo</span> <span class='ocrx_word' id='word_1_100' title='bbox 310 1112 350 1149; x_wconf 90' lang='lat' dir='ltr'>et</span> <span class='ocrx_word' id='word_1_101' title='bbox 377 1111 635 1160; x_wconf 81' lang='lat' dir='ltr'>cooperatur</span> <span class='ocrx_word' id='word_1_102' title='bbox 662 1122 713 1149; x_wconf 76' lang='lat' dir='ltr'>ex</span> <span class='ocrx_word' id='word_1_103' title='bbox 742 1108 874 1149; x_wconf 89' lang='lat' dir='ltr'>libero</span> <span class='ocrx_word' id='word_1_104' title='bbox 903 1109 1079 1149; x_wconf 89' lang='lat' dir='ltr'>arbitrio</span> <span class='ocrx_word' id='word_1_105' title='bbox 1109 1122 1203 1149; x_wconf 88' lang='lat' dir='ltr'>cum</span> <span class='ocrx_word' id='word_1_106' title='bbox 1233 1108 1382 1160; x_wconf 74' lang='lat' dir='ltr'>gratia,</span> <span class='ocrx_word' id='word_1_107' title='bbox 1417 1109 1492 1150; x_wconf 87' lang='lat' dir='ltr'>sed</span> <span class='ocrx_word' id='word_1_108' title='bbox 1520 1109 1640 1159; x_wconf 85' lang='lat' dir='ltr'>velle,</span> <span class='ocrx_word' id='word_1_109' title='bbox 1665 1109 1781 1161; x_wconf 89' lang='lat' dir='ltr'>quod</span> 
     </span>
     <span class='ocr_line' id='line_1_13' title="bbox 145 1185 1779 1237; baseline -0.001 -11"><span class='ocrx_word' id='word_1_110' title='bbox 145 1185 315 1227; x_wconf 86' lang='lat' dir='ltr'>adiacet</span> <span class='ocrx_word' id='word_1_111' title='bbox 337 1188 377 1226; x_wconf 90' lang='lat' dir='ltr'>et</span> <span class='ocrx_word' id='word_1_112' title='bbox 393 1185 510 1225; x_wconf 77' lang='lat' dir='ltr'>iuxta</span> <span class='ocrx_word' id='word_1_113' title='bbox 533 1198 703 1225; x_wconf 85' lang='lat' dir='ltr'>carnem</span> <span class='ocrx_word' id='word_1_114' title='bbox 728 1185 850 1235; x_wconf 83' lang='lat' dir='ltr'>iacet,</span> <span class='ocrx_word' id='word_1_115' title='bbox 874 1188 917 1225; x_wconf 89' lang='lat' dir='ltr'>ut</span> <span class='ocrx_word' id='word_1_116' title='bbox 940 1185 1040 1226; x_wconf 88' lang='lat' dir='ltr'>dicit</span> <span class='ocrx_word' id='word_1_117' title='bbox 1057 1185 1360 1237; x_wconf 38' lang='lat' dir='ltr'>Apostolus</span> <span class='ocrx_word' id='word_1_118' title='bbox 1384 1198 1479 1226; x_wconf 87' lang='grc'><strong>00111</strong></span> <span class='ocrx_word' id='word_1_119' title='bbox 1497 1185 1598 1225; x_wconf 85' lang='lat' dir='ltr'>dicit</span> <span class='ocrx_word' id='word_1_120' title='bbox 1619 1185 1779 1226; x_wconf 88' lang='lat' dir='ltr'>bonum</span> 
     </span>
     <span class='ocr_line' id='line_1_14' title="bbox 146 1261 1781 1315; baseline -0.001 -13"><span class='ocrx_word' id='word_1_121' title='bbox 146 1261 252 1302; x_wconf 76' lang='lat' dir='ltr'>velle</span> <span class='ocrx_word' id='word_1_122' title='bbox 304 1261 512 1315; x_wconf 45' lang='grc'><strong>(1101107,</strong></span> <span class='ocrx_word' id='word_1_123' title='bbox 546 1261 632 1314; x_wconf 69' lang='lat'>18),</span> <span class='ocrx_word' id='word_1_124' title='bbox 700 1261 806 1302; x_wconf 87' lang='lat' dir='ltr'>velle</span> <span class='ocrx_word' id='word_1_125' title='bbox 852 1274 1054 1313; x_wconf 86' lang='lat' dir='ltr'>namque,</span> <span class='ocrx_word' id='word_1_126' title='bbox 1108 1262 1222 1314; x_wconf 84' lang='lat' dir='ltr'>quod</span> <span class='ocrx_word' id='word_1_127' title='bbox 1269 1264 1332 1301; x_wconf 88' lang='lat' dir='ltr'>est</span> <span class='ocrx_word' id='word_1_128' title='bbox 1378 1262 1538 1301; x_wconf 88' lang='lat' dir='ltr'>bonum</span> <span class='ocrx_word' id='word_1_129' title='bbox 1585 1263 1781 1311; x_wconf 83' lang='lat' dir='ltr'>naturae,</span> 
     </span>
     <span class='ocr_line' id='line_1_15' title="bbox 147 1337 1781 1387; baseline 0 -9"><span class='ocrx_word' id='word_1_130' title='bbox 147 1340 190 1378; x_wconf 89' lang='lat' dir='ltr'>et</span> <span class='ocrx_word' id='word_1_131' title='bbox 222 1338 420 1379; x_wconf 85' lang='lat' dir='ltr'>naturale</span> <span class='ocrx_word' id='word_1_132' title='bbox 453 1338 615 1378; x_wconf 83' lang='lat' dir='ltr'>bonum</span> <span class='ocrx_word' id='word_1_133' title='bbox 650 1337 821 1379; x_wconf 84' lang='lat' dir='ltr'>adiacet</span> <span class='ocrx_word' id='word_1_134' title='bbox 854 1337 893 1378; x_wconf 92' lang='lat' dir='ltr'>in</span> <span class='ocrx_word' id='word_1_135' title='bbox 929 1350 1058 1378; x_wconf 88' lang='lat' dir='ltr'>carne</span> <span class='ocrx_word' id='word_1_136' title='bbox 1086 1337 1301 1378; x_wconf 85' lang='lat' dir='ltr'>infirmum</span> <span class='ocrx_word' id='word_1_137' title='bbox 1339 1341 1377 1378; x_wconf 89' lang='lat' dir='ltr'>et</span> <span class='ocrx_word' id='word_1_138' title='bbox 1407 1337 1559 1387; x_wconf 86' lang='lat' dir='ltr'>debile,</span> <span class='ocrx_word' id='word_1_139' title='bbox 1596 1351 1679 1378; x_wconf 89' lang='grc'><strong>11011</strong></span> <span class='ocrx_word' id='word_1_140' title='bbox 1710 1351 1781 1378; x_wconf 86' lang='lat' dir='ltr'>va-</span> 
     </span>
     <span class='ocr_line' id='line_1_16' title="bbox 147 1413 1784 1466; baseline 0 -12"><span class='ocrx_word' id='word_1_141' title='bbox 147 1414 237 1454; x_wconf 87' lang='grc'><strong>10115</strong></span> <span class='ocrx_word' id='word_1_142' title='bbox 276 1413 329 1454; x_wconf 88' lang='lat' dir='ltr'>ad</span> <span class='ocrx_word' id='word_1_143' title='bbox 375 1413 551 1455; x_wconf 90' lang='lat' dir='ltr'>bonum.</span> <span class='ocrx_word' id='word_1_144' title='bbox 593 1413 739 1454; x_wconf 75' lang='lat' dir='ltr'>&#39;Unde</span> <span class='ocrx_word' id='word_1_145' title='bbox 773 1413 989 1454; x_wconf 80' lang='lat' dir='ltr'>subditur:</span> <span class='ocrx_word' id='word_1_146' title='bbox 1045 1413 1242 1466; x_wconf 51' lang='lat' dir='ltr'>Persica-e</span> <span class='ocrx_word' id='word_1_147' title='bbox 1275 1417 1405 1453; x_wconf 60' lang='lat' dir='ltr'>(reatem</span> <span class='ocrx_word' id='word_1_148' title='bbox 1443 1414 1603 1461; x_wconf 58' lang='lat' dir='ltr'>hemma,</span> <span class='ocrx_word' id='word_1_149' title='bbox 1646 1413 1687 1454; x_wconf 92' lang='lat' dir='ltr'>id</span> <span class='ocrx_word' id='word_1_150' title='bbox 1721 1416 1784 1454; x_wconf 85' lang='lat' dir='ltr'>est</span> 
     </span>
     <span class='ocr_line' id='line_1_17' title="bbox 147 1489 1785 1540; baseline 0 -10"><span class='ocrx_word' id='word_1_151' title='bbox 147 1490 311 1530; x_wconf 86' lang='lat' dir='ltr'>bonum</span> <span class='ocrx_word' id='word_1_152' title='bbox 354 1490 473 1536; x_wconf 74' lang='lat' dir='ltr'>velle,</span> <span class='ocrx_word' id='word_1_153' title='bbox 520 1490 676 1531; x_wconf 89' lang='lat' dir='ltr'>nedum</span> <span class='ocrx_word' id='word_1_154' title='bbox 721 1490 860 1531; x_wconf 85' lang='lat' dir='ltr'>facere</span> <span class='ocrx_word' id='word_1_155' title='bbox 902 1490 1078 1540; x_wconf 87' lang='lat' dir='ltr'>bonum,</span> <span class='ocrx_word' id='word_1_156' title='bbox 1124 1503 1201 1529; x_wconf 73' lang='lat' dir='ltr'>non</span> <span class='ocrx_word' id='word_1_157' title='bbox 1243 1491 1416 1540; x_wconf 39' lang='lat' dir='ltr'>z&#39;fnvem‘o,</span> <span class='ocrx_word' id='word_1_158' title='bbox 1463 1490 1541 1530; x_wconf 90' lang='lat' dir='ltr'>nisi</span> <span class='ocrx_word' id='word_1_159' title='bbox 1576 1489 1701 1530; x_wconf 87' lang='lat' dir='ltr'>detur</span> <span class='ocrx_word' id='word_1_160' title='bbox 1733 1503 1785 1531; x_wconf 77' lang='lat' dir='ltr'>ex</span> 
     </span>
     <span class='ocr_line' id='line_1_18' title="bbox 147 1566 660 1618; baseline 0 -12"><span class='ocrx_word' id='word_1_161' title='bbox 147 1566 477 1618; x_wconf 86' lang='lat' dir='ltr'>superveniente</span> <span class='ocrx_word' id='word_1_162' title='bbox 511 1566 660 1618; x_wconf 81' lang='lat' dir='ltr'>gratia.</span> 
     </span>
    </p>

    <p class='ocr_par' dir='ltr' id='par_1_6' title="bbox 152 1641 1787 1770">
     <span class='ocr_line' id='line_1_19' title="bbox 292 1641 1787 1693; baseline 0.001 -12"><span class='ocrx_word' id='word_1_163' title='bbox 292 1642 348 1681; x_wconf 87' lang='lat' dir='ltr'>Ut</span> <span class='ocrx_word' id='word_1_164' title='bbox 393 1644 539 1683; x_wconf 83' lang='lat' dir='ltr'>autem</span> <span class='ocrx_word' id='word_1_165' title='bbox 587 1641 776 1693; x_wconf 77' lang='lat' dir='ltr'>erigatur</span> <span class='ocrx_word' id='word_1_166' title='bbox 822 1644 862 1682; x_wconf 86' lang='lat' dir='ltr'>et</span> <span class='ocrx_word' id='word_1_167' title='bbox 907 1644 1054 1693; x_wconf 77' lang='lat' dir='ltr'>surgat</span> <span class='ocrx_word' id='word_1_168' title='bbox 1092 1642 1172 1682; x_wconf 89' lang='grc'><strong>1100</strong></span> <span class='ocrx_word' id='word_1_169' title='bbox 1208 1642 1312 1682; x_wconf 82' lang='lat' dir='ltr'>velle</span> <span class='ocrx_word' id='word_1_170' title='bbox 1346 1642 1555 1683; x_wconf 80' lang='lat' dir='ltr'>libertatis</span> <span class='ocrx_word' id='word_1_171' title='bbox 1588 1642 1643 1683; x_wconf 89' lang='lat' dir='ltr'>ad</span> <span class='ocrx_word' id='word_1_172' title='bbox 1676 1642 1787 1683; x_wconf 85' lang='lat' dir='ltr'>bene</span> 
     </span>
     <span class='ocr_line' id='line_1_20' title="bbox 152 1718 1786 1770; baseline -0.001 -11"><span class='ocrx_word' id='word_1_173' title='bbox 152 1718 382 1760; x_wconf 86' lang='lat' dir='ltr'>volendum</span> <span class='ocrx_word' id='word_1_174' title='bbox 418 1721 459 1759; x_wconf 85' lang='lat' dir='ltr'>et</span> <span class='ocrx_word' id='word_1_175' title='bbox 493 1718 777 1770; x_wconf 84' lang='lat' dir='ltr'>operandum,</span> <span class='ocrx_word' id='word_1_176' title='bbox 812 1718 968 1770; x_wconf 81' lang='lat' dir='ltr'>duplici</span> <span class='ocrx_word' id='word_1_177' title='bbox 1004 1731 1179 1759; x_wconf 79' lang='lat' dir='ltr'>munere</span> <span class='ocrx_word' id='word_1_178' title='bbox 1207 1718 1370 1769; x_wconf 75' lang='lat' dir='ltr'>gratiae</span> <span class='ocrx_word' id='word_1_179' title='bbox 1398 1718 1650 1770; x_wconf 78' lang='lat' dir='ltr'>indigemus,</span> <span class='ocrx_word' id='word_1_180' title='bbox 1688 1731 1786 1758; x_wconf 75' lang='lat' dir='ltr'>vero</span> 
     </span>
    </p>
   </div>
   <div class='ocr_carea' id='block_1_5' title="bbox 151 1795 1822 1848">
    <p class='ocr_par' dir='ltr' id='par_1_7' title="bbox 151 1795 1822 1848">
     <span class='ocr_line' id='line_1_21' title="bbox 151 1795 1822 1848; baseline -0.001 -11"><span class='ocrx_word' id='word_1_181' title='bbox 151 1809 304 1848; x_wconf 86' lang='lat' dir='ltr'>sapere</span> <span class='ocrx_word' id='word_1_182' title='bbox 338 1797 379 1836; x_wconf 86' lang='lat' dir='ltr'>et</span> <span class='ocrx_word' id='word_1_183' title='bbox 410 1795 536 1847; x_wconf 88' lang='lat' dir='ltr'>pleno</span> <span class='ocrx_word' id='word_1_184' title='bbox 570 1796 742 1847; x_wconf 75' lang='lat' dir='ltr'>pessel.</span> <span class='ocrx_word' id='word_1_185' title='bbox 810 1795 963 1835; x_wconf 88' lang='lat' dir='ltr'>Verum</span> <span class='ocrx_word' id='word_1_186' title='bbox 1004 1808 1155 1847; x_wconf 86' lang='lat' dir='ltr'>sapere</span> <span class='ocrx_word' id='word_1_187' title='bbox 1198 1797 1261 1835; x_wconf 89' lang='lat' dir='ltr'>est</span> <span class='ocrx_word' id='word_1_188' title='bbox 1295 1795 1516 1835; x_wconf 76' lang='lat' dir='ltr'>conversio</span> <span class='ocrx_word' id='word_1_189' title='bbox 1550 1795 1822 1837; x_wconf 68' lang='lat' dir='ltr'>affectionise</span> 
     </span>
    </p>
   </div>
   <div class='ocr_carea' id='block_1_6' title="bbox 150 1871 1790 2150">
    <p class='ocr_par' dir='ltr' id='par_1_8' title="bbox 150 1871 1790 2150">
     <span class='ocr_line' id='line_1_22' title="bbox 151 1871 1786 1923; baseline 0 -11"><span class='ocrx_word' id='word_1_190' title='bbox 151 1875 193 1913; x_wconf 89' lang='lat' dir='ltr'>et</span> <span class='ocrx_word' id='word_1_191' title='bbox 214 1872 447 1912; x_wconf 88' lang='lat' dir='ltr'>voluntatis</span> <span class='ocrx_word' id='word_1_192' title='bbox 469 1871 522 1912; x_wconf 88' lang='lat' dir='ltr'>ad</span> <span class='ocrx_word' id='word_1_193' title='bbox 552 1874 806 1912; x_wconf 86' lang='lat' dir='ltr'>creatorem.</span> <span class='ocrx_word' id='word_1_194' title='bbox 872 1871 1118 1923; x_wconf 81' lang='lat' dir='ltr'>Antequam</span> <span class='ocrx_word' id='word_1_195' title='bbox 1142 1871 1343 1911; x_wconf 85' lang='lat' dir='ltr'>voluntas</span> <span class='ocrx_word' id='word_1_196' title='bbox 1371 1873 1411 1911; x_wconf 89' lang='lat' dir='ltr'>et</span> <span class='ocrx_word' id='word_1_197' title='bbox 1440 1871 1608 1912; x_wconf 73' lang='lat' dir='ltr'>affectio</span> <span class='ocrx_word' id='word_1_198' title='bbox 1639 1874 1786 1912; x_wconf 84' lang='lat' dir='ltr'>nostra</span> 
     </span>
     <span class='ocr_line' id='line_1_23' title="bbox 150 1946 1787 1998; baseline -0.001 -11"><span class='ocrx_word' id='word_1_199' title='bbox 150 1947 204 1988; x_wconf 89' lang='lat' dir='ltr'>ad</span> <span class='ocrx_word' id='word_1_200' title='bbox 239 1947 374 1987; x_wconf 89' lang='lat' dir='ltr'>Deum</span> <span class='ocrx_word' id='word_1_201' title='bbox 403 1948 693 1995; x_wconf 80' lang='lat' dir='ltr'>convertatur,</span> <span class='ocrx_word' id='word_1_202' title='bbox 728 1946 922 1986; x_wconf 87' lang='lat' dir='ltr'>informis</span> <span class='ocrx_word' id='word_1_203' title='bbox 951 1948 1014 1986; x_wconf 90' lang='lat' dir='ltr'>est</span> <span class='ocrx_word' id='word_1_204' title='bbox 1048 1948 1089 1986; x_wconf 85' lang='lat' dir='ltr'>et</span> <span class='ocrx_word' id='word_1_205' title='bbox 1116 1946 1237 1998; x_wconf 85' lang='lat' dir='ltr'>quasi</span> <span class='ocrx_word' id='word_1_206' title='bbox 1267 1946 1458 1987; x_wconf 85' lang='lat' dir='ltr'>confusio</span> <span class='ocrx_word' id='word_1_207' title='bbox 1494 1949 1558 1986; x_wconf 88' lang='lat' dir='ltr'>est</span> <span class='ocrx_word' id='word_1_208' title='bbox 1586 1946 1626 1986; x_wconf 91' lang='lat' dir='ltr'>in</span> <span class='ocrx_word' id='word_1_209' title='bbox 1661 1946 1787 1986; x_wconf 84' lang='lat' dir='ltr'>affec-</span> 
     </span>
     <span class='ocr_line' id='line_1_24' title="bbox 151 2021 1790 2070; baseline -0.001 -6"><span class='ocrx_word' id='word_1_210' title='bbox 151 2023 266 2064; x_wconf 87' lang='lat' dir='ltr'>tione</span> <span class='ocrx_word' id='word_1_211' title='bbox 310 2026 348 2063; x_wconf 83' lang='lat' dir='ltr'>et</span> <span class='ocrx_word' id='word_1_212' title='bbox 393 2022 537 2064; x_wconf 79' lang='lat' dir='ltr'>chaos,</span> <span class='ocrx_word' id='word_1_213' title='bbox 602 2022 685 2063; x_wconf 77' lang='lat' dir='ltr'>Sed</span> <span class='ocrx_word' id='word_1_214' title='bbox 730 2035 826 2062; x_wconf 89' lang='lat' dir='ltr'>cum</span> <span class='ocrx_word' id='word_1_215' title='bbox 869 2021 923 2062; x_wconf 84' lang='lat' dir='ltr'>ad</span> <span class='ocrx_word' id='word_1_216' title='bbox 969 2022 1103 2062; x_wconf 89' lang='lat' dir='ltr'>Deum</span> <span class='ocrx_word' id='word_1_217' title='bbox 1144 2022 1420 2070; x_wconf 85' lang='lat' dir='ltr'>convertitur,</span> <span class='ocrx_word' id='word_1_218' title='bbox 1460 2022 1543 2063; x_wconf 88' lang='lat' dir='ltr'>iam</span> <span class='ocrx_word' id='word_1_219' title='bbox 1579 2022 1790 2062; x_wconf 88' lang='lat' dir='ltr'>formatur</span> 
     </span>
     <span class='ocr_line' id='line_1_25' title="bbox 153 2098 1788 2150; baseline -0.001 -10"><span class='ocrx_word' id='word_1_220' title='bbox 153 2102 193 2140; x_wconf 86' lang='lat' dir='ltr'>et</span> <span class='ocrx_word' id='word_1_221' title='bbox 235 2102 351 2141; x_wconf 82' lang='lat' dir='ltr'>recta</span> <span class='ocrx_word' id='word_1_222' title='bbox 395 2098 586 2140; x_wconf 83' lang='lat' dir='ltr'>efficitur.</span> <span class='ocrx_word' id='word_1_223' title='bbox 653 2098 814 2138; x_wconf 82' lang='lat' dir='ltr'>Dicitur</span> <span class='ocrx_word' id='word_1_224' title='bbox 855 2100 997 2138; x_wconf 91' lang='lat' dir='ltr'>autem</span> <span class='ocrx_word' id='word_1_225' title='bbox 1045 2111 1191 2139; x_wconf 87' lang='lat' dir='ltr'>verum</span> <span class='ocrx_word' id='word_1_226' title='bbox 1235 2111 1400 2150; x_wconf 85' lang='lat' dir='ltr'>sapere.</span> <span class='ocrx_word' id='word_1_227' title='bbox 1464 2098 1548 2138; x_wconf 82' lang='lat' dir='ltr'>Ista</span> <span class='ocrx_word' id='word_1_228' title='bbox 1592 2100 1788 2138; x_wconf 86' lang='grc'><strong>0510011-</strong></span> 
     </span>
    </p>
   </div>
   <div class='ocr_carea' id='block_1_7' title="bbox 1802 1048 1833 1071">
    <p class='ocr_par' dir='ltr' id='par_1_9' title="bbox 1802 1048 1833 1071">
     <span class='ocr_line' id='line_1_26' title="bbox 1802 1048 1833 1071; baseline -0.065 0"><span class='ocrx_word' id='word_1_229' title='bbox 1802 1048 1833 1071; x_wconf 83' lang='grc'>10</span> 
     </span>
    </p>
   </div>
   <div class='ocr_carea' id='block_1_8' title="bbox 1806 1430 1838 1453">
    <p class='ocr_par' dir='ltr' id='par_1_10' title="bbox 1806 1430 1838 1453">
     <span class='ocr_line' id='line_1_27' title="bbox 1806 1430 1838 1453; baseline 0 0"><span class='ocrx_word' id='word_1_230' title='bbox 1806 1430 1838 1453; x_wconf 82' lang='grc'>15</span> 
     </span>
    </p>
   </div>
   <div class='ocr_carea' id='block_1_9' title="bbox 153 2174 1844 2227">
    <p class='ocr_par' dir='ltr' id='par_1_11' title="bbox 153 2174 1844 2227">
     <span class='ocr_line' id='line_1_28' title="bbox 153 2174 1844 2227; baseline -0.002 -10"><span class='ocrx_word' id='word_1_231' title='bbox 153 2176 290 2217; x_wconf 88' lang='lat' dir='ltr'>versio</span> <span class='ocrx_word' id='word_1_232' title='bbox 324 2174 561 2216; x_wconf 73' lang='lat' dir='ltr'>affectionis</span> <span class='ocrx_word' id='word_1_233' title='bbox 595 2174 648 2215; x_wconf 84' lang='lat' dir='ltr'>ad</span> <span class='ocrx_word' id='word_1_234' title='bbox 683 2174 968 2216; x_wconf 86' lang='lat' dir='ltr'>differentiam</span> <span class='ocrx_word' id='word_1_235' title='bbox 1003 2175 1242 2227; x_wconf 77' lang='lat' dir='ltr'>sapientiae</span> <span class='ocrx_word' id='word_1_236' title='bbox 1275 2175 1427 2223; x_wconf 72' lang='lat' dir='ltr'>(tarnis,</span> <span class='ocrx_word' id='word_1_237' title='bbox 1471 2188 1583 2227; x_wconf 87' lang='lat' dir='ltr'>quae</span> <span class='ocrx_word' id='word_1_238' title='bbox 1618 2175 1788 2216; x_wconf 79' lang='lat' dir='ltr'>inimica</span> <span class='ocrx_word' id='word_1_239' title='bbox 1810 2189 1844 2213; x_wconf 75' lang='lat'>25</span> 
     </span>
    </p>
   </div>
   <div class='ocr_carea' id='block_1_10' title="bbox 153 2250 1791 2609">
    <p class='ocr_par' dir='ltr' id='par_1_12' title="bbox 153 2250 1791 2456">
     <span class='ocr_line' id='line_1_29' title="bbox 153 2250 1789 2305; baseline -0.002 -13"><span class='ocrx_word' id='word_1_240' title='bbox 153 2255 217 2292; x_wconf 90' lang='lat' dir='ltr'>est</span> <span class='ocrx_word' id='word_1_241' title='bbox 251 2252 339 2292; x_wconf 88' lang='lat' dir='ltr'>Deo</span> <span class='ocrx_word' id='word_1_242' title='bbox 374 2251 507 2305; x_wconf 75' lang='lat' dir='ltr'>(Rom.</span> <span class='ocrx_word' id='word_1_243' title='bbox 542 2252 582 2301; x_wconf 60' lang='lat'>8,</span> <span class='ocrx_word' id='word_1_244' title='bbox 606 2250 663 2303; x_wconf 76' lang='lat'>7),</span> <span class='ocrx_word' id='word_1_245' title='bbox 700 2254 740 2292; x_wconf 88' lang='grc'>01</span> <span class='ocrx_word' id='word_1_246' title='bbox 773 2250 1011 2303; x_wconf 85' lang='lat' dir='ltr'>sapientiae</span> <span class='ocrx_word' id='word_1_247' title='bbox 1045 2251 1206 2300; x_wconf 83' lang='lat' dir='ltr'>mundi,</span> <span class='ocrx_word' id='word_1_248' title='bbox 1242 2264 1353 2303; x_wconf 86' lang='lat' dir='ltr'>quae</span> <span class='ocrx_word' id='word_1_249' title='bbox 1386 2250 1566 2292; x_wconf 86' lang='lat' dir='ltr'>stultitia</span> <span class='ocrx_word' id='word_1_250' title='bbox 1590 2254 1652 2292; x_wconf 88' lang='lat' dir='ltr'>est</span> <span class='ocrx_word' id='word_1_251' title='bbox 1674 2251 1789 2303; x_wconf 84' lang='lat' dir='ltr'>apud</span> 
     </span>
     <span class='ocr_line' id='line_1_30' title="bbox 154 2327 1791 2382; baseline -0.001 -14"><span class='ocrx_word' id='word_1_252' title='bbox 154 2329 289 2370; x_wconf 79' lang='lat' dir='ltr'>Deum</span> <span class='ocrx_word' id='word_1_253' title='bbox 325 2328 379 2382; x_wconf 84' lang='lat' dir='ltr'>(I.</span> <span class='ocrx_word' id='word_1_254' title='bbox 422 2327 512 2368; x_wconf 72' lang='lat' dir='ltr'>Cor.</span> <span class='ocrx_word' id='word_1_255' title='bbox 546 2331 586 2379; x_wconf 65' lang='lat' dir='ltr'>fi,</span> <span class='ocrx_word' id='word_1_256' title='bbox 612 2327 699 2380; x_wconf 77' lang='lat'>19).</span> <span class='ocrx_word' id='word_1_257' title='bbox 763 2327 885 2368; x_wconf 87' lang='lat' dir='ltr'>Unde</span> <span class='ocrx_word' id='word_1_258' title='bbox 919 2327 1092 2368; x_wconf 84' lang='lat' dir='ltr'>dicitur:</span> <span class='ocrx_word' id='word_1_259' title='bbox 1134 2327 1311 2368; x_wconf 71' lang='lat' dir='ltr'>Perdam</span> <span class='ocrx_word' id='word_1_260' title='bbox 1345 2328 1593 2380; x_wconf 31' lang='lat' dir='ltr'>§wisaraham</span> <span class='ocrx_word' id='word_1_261' title='bbox 1627 2328 1791 2380; x_wconf 59' lang='lat' dir='ltr'>salisen-</span> 
     </span>
     <span class='ocr_line' id='line_1_31' title="bbox 154 2402 777 2456; baseline 0.002 -13"><span class='ocrx_word' id='word_1_262' title='bbox 154 2405 257 2444; x_wconf 65' lang='lat' dir='ltr'>Num</span> <span class='ocrx_word' id='word_1_263' title='bbox 291 2406 369 2444; x_wconf 86' lang='lat' dir='ltr'>etc.</span> <span class='ocrx_word' id='word_1_264' title='bbox 403 2403 458 2454; x_wconf 82' lang='lat' dir='ltr'>(J.</span> <span class='ocrx_word' id='word_1_265' title='bbox 498 2403 591 2444; x_wconf 77' lang='lat' dir='ltr'>Cor.</span> <span class='ocrx_word' id='word_1_266' title='bbox 630 2404 666 2454; x_wconf 77' lang='lat'>1,</span> <span class='ocrx_word' id='word_1_267' title='bbox 692 2402 777 2456; x_wconf 75' lang='lat'>19).</span> 
     </span>
    </p>

    <p class='ocr_par' dir='ltr' id='par_1_13' title="bbox 156 2479 1791 2609">
     <span class='ocr_line' id='line_1_32' title="bbox 301 2479 1791 2531; baseline -0.001 -11"><span class='ocrx_word' id='word_1_268' title='bbox 301 2480 365 2521; x_wconf 90' lang='lat' dir='ltr'>Ad</span> <span class='ocrx_word' id='word_1_269' title='bbox 400 2479 737 2531; x_wconf 79' lang='lat' dir='ltr'>intelligendum,</span> <span class='ocrx_word' id='word_1_270' title='bbox 773 2479 875 2531; x_wconf 84' lang='lat' dir='ltr'>quid</span> <span class='ocrx_word' id='word_1_271' title='bbox 909 2479 962 2519; x_wconf 90' lang='lat' dir='ltr'>sit</span> <span class='ocrx_word' id='word_1_272' title='bbox 996 2479 1218 2519; x_wconf 87' lang='lat' dir='ltr'>liberum</span> <span class='ocrx_word' id='word_1_273' title='bbox 1254 2479 1525 2520; x_wconf 85' lang='lat' dir='ltr'>arbitrium</span> <span class='ocrx_word' id='word_1_274' title='bbox 1563 2482 1603 2521; x_wconf 88' lang='lat' dir='ltr'>et</span> <span class='ocrx_word' id='word_1_275' title='bbox 1631 2479 1670 2519; x_wconf 90' lang='lat' dir='ltr'>in</span> <span class='ocrx_word' id='word_1_276' title='bbox 1705 2492 1791 2531; x_wconf 87' lang='lat' dir='ltr'>quo</span> 
     </span>
     <span class='ocr_line' id='line_1_33' title="bbox 156 2555 1790 2609; baseline -0.001 -12"><span class='ocrx_word' id='word_1_277' title='bbox 156 2557 223 2606; x_wconf 87' lang='lat' dir='ltr'>sit,</span> <span class='ocrx_word' id='word_1_278' title='bbox 245 2556 436 2609; x_wconf 84' lang='lat' dir='ltr'>quinque</span> <span class='ocrx_word' id='word_1_279' title='bbox 459 2555 724 2596; x_wconf 87' lang='lat' dir='ltr'>attendenda</span> <span class='ocrx_word' id='word_1_280' title='bbox 746 2557 863 2595; x_wconf 88' lang='lat' dir='ltr'>sunt:</span> <span class='ocrx_word' id='word_1_281' title='bbox 900 2555 1206 2604; x_wconf 81' lang='lat' dir='ltr'>Arbitrium,</span> <span class='ocrx_word' id='word_1_282' title='bbox 1243 2555 1500 2605; x_wconf 82' lang='lat' dir='ltr'>voluntas,</span> <span class='ocrx_word' id='word_1_283' title='bbox 1535 2557 1790 2607; x_wconf 81' lang='lat' dir='ltr'>potestas,</span> 
     </span>
    </p>
   </div>
   <div class='ocr_carea' id='block_1_11' title="bbox 162 2651 292 2653">
    <p class='ocr_par' dir='ltr' id='par_1_14' title="bbox 162 2651 292 2653">
     <span class='ocr_line' id='line_1_34' title="bbox 162 2651 292 2653; baseline 0 0"><span class='ocrx_word' id='word_1_284' title='bbox 162 2651 292 2653; x_wconf 95' lang='lat' dir='ltr'> </span> 
     </span>
    </p>
   </div>
   <div class='ocr_carea' id='block_1_12' title="bbox 300 2686 1792 2732">
    <p class='ocr_par' dir='ltr' id='par_1_15' title="bbox 300 2686 1792 2732">
     <span class='ocr_line' id='line_1_35' title="bbox 300 2686 1792 2732; baseline -0.001 -10"><span class='ocrx_word' id='word_1_285' title='bbox 300 2690 319 2722; x_wconf 81' lang='lat'>5</span> <span class='ocrx_word' id='word_1_286' title='bbox 346 2688 505 2732; x_wconf 86' lang='lat' dir='ltr'>aperitur</span> <span class='ocrx_word' id='word_1_287' title='bbox 527 2690 568 2721; x_wconf 95' lang='lat' dir='ltr'>A.</span> <span class='ocrx_word' id='word_1_288' title='bbox 694 2688 734 2721; x_wconf 87' lang='lat'>10</span> <span class='ocrx_word' id='word_1_289' title='bbox 764 2687 892 2721; x_wconf 88' lang='lat' dir='ltr'>bonum</span> <span class='ocrx_word' id='word_1_290' title='bbox 920 2686 1023 2727; x_wconf 72' lang='lat' dir='ltr'>velle]</span> <span class='ocrx_word' id='word_1_291' title='bbox 1051 2686 1144 2720; x_wconf 88' lang='lat' dir='ltr'>velle</span> <span class='ocrx_word' id='word_1_292' title='bbox 1171 2699 1235 2720; x_wconf 78' lang='lat' dir='ltr'>om.</span> <span class='ocrx_word' id='word_1_293' title='bbox 1260 2689 1301 2722; x_wconf 86' lang='lat' dir='ltr'>A.</span> <span class='ocrx_word' id='word_1_294' title='bbox 1418 2686 1536 2729; x_wconf 78' lang='lat' dir='ltr'>gratia</span> <span class='ocrx_word' id='word_1_295' title='bbox 1562 2688 1700 2728; x_wconf 65' lang='lat' dir='ltr'>(alaidi,</span> <span class='ocrx_word' id='word_1_296' title='bbox 1728 2698 1792 2721; x_wconf 75' lang='lat' dir='ltr'>om.</span> 
     </span>
    </p>
   </div>
   <div class='ocr_carea' id='block_1_13' title="bbox 157 2745 1792 2851">
    <p class='ocr_par' dir='ltr' id='par_1_16' title="bbox 157 2745 1792 2851">
     <span class='ocr_line' id='line_1_36' title="bbox 159 2745 1792 2790; baseline -0.002 -9"><span class='ocrx_word' id='word_1_297' title='bbox 159 2750 188 2781; x_wconf 92' lang='lat' dir='ltr'>A</span> <span class='ocrx_word' id='word_1_298' title='bbox 207 2750 247 2782; x_wconf 84' lang='lat' dir='ltr'>B.</span> <span class='ocrx_word' id='word_1_299' title='bbox 350 2748 390 2781; x_wconf 89' lang='grc'>12</span> <span class='ocrx_word' id='word_1_300' title='bbox 417 2751 495 2781; x_wconf 84' lang='lat' dir='ltr'>cum</span> <span class='ocrx_word' id='word_1_301' title='bbox 527 2747 613 2780; x_wconf 84' lang='lat' dir='ltr'>dicit</span> <span class='ocrx_word' id='word_1_302' title='bbox 633 2759 696 2780; x_wconf 80' lang='lat' dir='ltr'>om.</span> <span class='ocrx_word' id='word_1_303' title='bbox 720 2749 750 2780; x_wconf 94' lang='lat' dir='ltr'>A</span> <span class='ocrx_word' id='word_1_304' title='bbox 841 2746 881 2780; x_wconf 83' lang='lat'>13</span> <span class='ocrx_word' id='word_1_305' title='bbox 905 2752 984 2790; x_wconf 69' lang='lat' dir='ltr'>poss</span> <span class='ocrx_word' id='word_1_306' title='bbox 1005 2758 1158 2790; x_wconf 83' lang='lat' dir='ltr'>namque</span> <span class='ocrx_word' id='word_1_307' title='bbox 1180 2747 1262 2779; x_wconf 73' lang='lat' dir='ltr'>add.</span> <span class='ocrx_word' id='word_1_308' title='bbox 1280 2748 1311 2779; x_wconf 77' lang='lat' dir='ltr'>A</span> <span class='ocrx_word' id='word_1_309' title='bbox 1332 2747 1397 2778; x_wconf 81' lang='lat' dir='ltr'>est.</span> <span class='ocrx_word' id='word_1_310' title='bbox 1497 2745 1541 2779; x_wconf 89' lang='grc'>20</span> <span class='ocrx_word' id='word_1_311' title='bbox 1567 2745 1706 2789; x_wconf 81' lang='lat' dir='ltr'>sapere]</span> <span class='ocrx_word' id='word_1_312' title='bbox 1738 2756 1792 2779; x_wconf 79' lang='lat' dir='ltr'>sa-</span> 
     </span>
     <span class='ocr_line' id='line_1_37' title="bbox 157 2803 1492 2851; baseline -0.001 -10"><span class='ocrx_word' id='word_1_313' title='bbox 157 2819 241 2851; x_wconf 87' lang='lat' dir='ltr'>pore</span> <span class='ocrx_word' id='word_1_314' title='bbox 271 2809 311 2842; x_wconf 73' lang='lat' dir='ltr'>B.</span> <span class='ocrx_word' id='word_1_315' title='bbox 409 2806 452 2840; x_wconf 88' lang='grc'>23</span> <span class='ocrx_word' id='word_1_316' title='bbox 481 2808 713 2840; x_wconf 82' lang='lat' dir='ltr'>convertatur</span> <span class='ocrx_word' id='word_1_317' title='bbox 733 2807 774 2839; x_wconf 75' lang='lat' dir='ltr'>R.</span> <span class='ocrx_word' id='word_1_318' title='bbox 875 2806 918 2839; x_wconf 80' lang='grc'>24</span> <span class='ocrx_word' id='word_1_319' title='bbox 930 2806 1013 2839; x_wconf 24' lang='grc'>025</span> <span class='ocrx_word' id='word_1_320' title='bbox 1041 2803 1239 2847; x_wconf 80' lang='lat' dir='ltr'>conversio]</span> <span class='ocrx_word' id='word_1_321' title='bbox 1267 2804 1428 2838; x_wconf 81' lang='lat' dir='ltr'>confusio</span> <span class='ocrx_word' id='word_1_322' title='bbox 1450 2807 1492 2840; x_wconf 82' lang='lat' dir='ltr'>A.</span> 
     </span>
    </p>
   </div>
   <div class='ocr_carea' id='block_1_14' title="bbox 161 2888 691 2893">
    <p class='ocr_par' dir='ltr' id='par_1_17' title="bbox 161 2888 691 2893">
     <span class='ocr_line' id='line_1_38' title="bbox 161 2888 691 2893; baseline 0 0"><span class='ocrx_word' id='word_1_323' title='bbox 161 2888 691 2893; x_wconf 95' lang='lat' dir='ltr'> </span> 
     </span>
    </p>
   </div>
   <div class='ocr_carea' id='block_1_15' title="bbox 160 2930 1795 3155">
    <p class='ocr_par' dir='ltr' id='par_1_18' title="bbox 160 2930 1795 3155">
     <span class='ocr_line' id='line_1_39' title="bbox 304 2930 1793 2978; baseline -0.002 -12"><span class='ocrx_word' id='word_1_324' title='bbox 304 2933 311 2950; x_wconf 85' lang='lat'>¹</span> <span class='ocrx_word' id='word_1_325' title='bbox 342 2934 461 2968; x_wconf 86' lang='lat' dir='ltr'>Bern.</span> <span class='ocrx_word' id='word_1_326' title='bbox 500 2936 541 2967; x_wconf 93' lang='lat' dir='ltr'>L.</span> <span class='ocrx_word' id='word_1_327' title='bbox 580 2946 607 2967; x_wconf 74' lang='lat' dir='ltr'>e.</span> <span class='ocrx_word' id='word_1_328' title='bbox 644 2945 720 2978; x_wconf 83' lang='lat' dir='ltr'>cap.</span> <span class='ocrx_word' id='word_1_329' title='bbox 757 2932 816 2968; x_wconf 87' lang='lat' dir='ltr'>VI.</span> <span class='ocrx_word' id='word_1_330' title='bbox 854 2945 886 2967; x_wconf 88' lang='grc'>11.</span> <span class='ocrx_word' id='word_1_331' title='bbox 925 2933 966 2967; x_wconf 85' lang='grc'>19</span> <span class='ocrx_word' id='word_1_332' title='bbox 993 2934 1038 2977; x_wconf 71' lang='lat' dir='ltr'>lp.</span> <span class='ocrx_word' id='word_1_333' title='bbox 1069 2932 1158 2966; x_wconf 89' lang='grc'><strong>1012</strong></span> <span class='ocrx_word' id='word_1_334' title='bbox 1182 2934 1242 2972; x_wconf 79' lang='lat' dir='ltr'>A):</span> <span class='ocrx_word' id='word_1_335' title='bbox 1284 2931 1332 2965; x_wconf 78' lang='lat' dir='ltr'>Ut</span> <span class='ocrx_word' id='word_1_336' title='bbox 1370 2943 1454 2974; x_wconf 82' lang='lat' dir='ltr'>ergo</span> <span class='ocrx_word' id='word_1_337' title='bbox 1493 2930 1584 2964; x_wconf 81' lang='lat' dir='ltr'>velle</span> <span class='ocrx_word' id='word_1_338' title='bbox 1623 2933 1793 2971; x_wconf 79' lang='lat' dir='ltr'>nostrum,</span> 
     </span>
     <span class='ocr_line' id='line_1_40' title="bbox 160 2986 1795 3037; baseline -0.002 -11"><span class='ocrx_word' id='word_1_339' title='bbox 160 2993 252 3037; x_wconf 85' lang='lat' dir='ltr'>quod</span> <span class='ocrx_word' id='word_1_340' title='bbox 279 3005 323 3027; x_wconf 84' lang='lat' dir='ltr'>ex</span> <span class='ocrx_word' id='word_1_341' title='bbox 349 2992 460 3026; x_wconf 84' lang='lat' dir='ltr'>libero</span> <span class='ocrx_word' id='word_1_342' title='bbox 486 2992 632 3026; x_wconf 83' lang='lat' dir='ltr'>arbitrio</span> <span class='ocrx_word' id='word_1_343' title='bbox 658 2992 842 3032; x_wconf 82' lang='lat' dir='ltr'>habemus,</span> <span class='ocrx_word' id='word_1_344' title='bbox 877 2986 1073 3036; x_wconf 81' lang='lat' dir='ltr'>perfectum</span> <span class='ocrx_word' id='word_1_345' title='bbox 1101 2991 1306 3031; x_wconf 81' lang='lat' dir='ltr'>habeamus,</span> <span class='ocrx_word' id='word_1_346' title='bbox 1335 2990 1465 3035; x_wconf 83' lang='lat' dir='ltr'>duplici</span> <span class='ocrx_word' id='word_1_347' title='bbox 1491 2990 1629 3033; x_wconf 78' lang='lat' dir='ltr'>gratiae</span> <span class='ocrx_word' id='word_1_348' title='bbox 1650 3001 1795 3023; x_wconf 86' lang='lat' dir='ltr'>munere</span> 
     </span>
     <span class='ocr_line' id='line_1_41' title="bbox 160 3049 1794 3096; baseline -0.002 -11"><span class='ocrx_word' id='word_1_349' title='bbox 160 3052 371 3096; x_wconf 79' lang='lat' dir='ltr'>indigemus,</span> <span class='ocrx_word' id='word_1_350' title='bbox 400 3054 435 3086; x_wconf 88' lang='lat' dir='ltr'>et</span> <span class='ocrx_word' id='word_1_351' title='bbox 460 3063 544 3085; x_wconf 87' lang='lat' dir='ltr'>vero</span> <span class='ocrx_word' id='word_1_352' title='bbox 571 3051 741 3085; x_wconf 75' lang='lat' dir='ltr'>videlicet</span> <span class='ocrx_word' id='word_1_353' title='bbox 765 3063 902 3096; x_wconf 79' lang='lat' dir='ltr'>sapere,</span> <span class='ocrx_word' id='word_1_354' title='bbox 940 3051 1031 3095; x_wconf 87' lang='lat' dir='ltr'>quod</span> <span class='ocrx_word' id='word_1_355' title='bbox 1059 3052 1114 3084; x_wconf 79' lang='lat' dir='ltr'>est</span> <span class='ocrx_word' id='word_1_356' title='bbox 1141 3050 1340 3084; x_wconf 73' lang='lat' dir='ltr'>voluntatis</span> <span class='ocrx_word' id='word_1_357' title='bbox 1367 3050 1410 3083; x_wconf 83' lang='lat' dir='ltr'>ad</span> <span class='ocrx_word' id='word_1_358' title='bbox 1437 3049 1565 3083; x_wconf 87' lang='lat' dir='ltr'>bonum</span> <span class='ocrx_word' id='word_1_359' title='bbox 1593 3050 1794 3089; x_wconf 72' lang='lat' dir='ltr'>conversio,</span> 
     </span>
     <span class='ocr_line' id='line_1_42' title="bbox 162 3109 1430 3155; baseline -0.001 -10"><span class='ocrx_word' id='word_1_360' title='bbox 162 3113 196 3144; x_wconf 75' lang='lat' dir='ltr'>et</span> <span class='ocrx_word' id='word_1_361' title='bbox 223 3112 326 3155; x_wconf 89' lang='lat' dir='ltr'>pleno</span> <span class='ocrx_word' id='word_1_362' title='bbox 353 3111 460 3145; x_wconf 83' lang='lat' dir='ltr'>etiam</span> <span class='ocrx_word' id='word_1_363' title='bbox 487 3123 602 3155; x_wconf 81' lang='lat' dir='ltr'>posse,</span> <span class='ocrx_word' id='word_1_364' title='bbox 630 3111 722 3155; x_wconf 88' lang='lat' dir='ltr'>quod</span> <span class='ocrx_word' id='word_1_365' title='bbox 750 3114 805 3144; x_wconf 76' lang='lat' dir='ltr'>est</span> <span class='ocrx_word' id='word_1_366' title='bbox 831 3110 990 3144; x_wconf 72' lang='lat' dir='ltr'>eiusdem</span> <span class='ocrx_word' id='word_1_367' title='bbox 1016 3110 1052 3155; x_wconf 75' lang='grc'>111</span> <span class='ocrx_word' id='word_1_368' title='bbox 1081 3110 1169 3143; x_wconf 87' lang='lat' dir='ltr'>bono</span> <span class='ocrx_word' id='word_1_369' title='bbox 1196 3109 1430 3144; x_wconf 76' lang='lat' dir='ltr'>confirmatio.</span> 
     </span>
    </p>
   </div>
   <div class='ocr_carea' id='block_1_16' title="bbox 1600 3170 1653 3208">
    <p class='ocr_par' dir='ltr' id='par_1_19' title="bbox 1600 3170 1653 3208">
     <span class='ocr_line' id='line_1_43' title="bbox 1600 3170 1653 3208; baseline 0 -15"><span class='ocrx_word' id='word_1_370' title='bbox 1600 3170 1653 3208; x_wconf 57' lang='grc' dir='ltr'>ρ*</span> 
     </span>
    </p>
   </div>
   <div class='ocr_carea' id='block_1_17' title="bbox 1812 2568 1847 2592">
    <p class='ocr_par' dir='ltr' id='par_1_20' title="bbox 1812 2568 1847 2592">
     <span class='ocr_line' id='line_1_44' title="bbox 1812 2568 1847 2592; baseline 0 0"><span class='ocrx_word' id='word_1_371' title='bbox 1812 2568 1847 2592; x_wconf 80' lang='lat'>30</span> 
     </span>
    </p>
   </div>
  </div>
 </body>
</html>
