2106 3453
7 1881 25 1906 f.
38 1881 80 1907 84.
90 1881 128 1907 v0.

298 222 491 258 Tractatus
519 223 561 257 Π.
612 222 664 256 De
691 223 871 257 creatione
897 223 1000 267 primi
1028 222 1181 256 hominis
1208 225 1244 257 et
1271 224 1313 258 de
1339 223 1449 258 libero
1475 223 1631 258 arbitrio.
1713 225 1783 258 29ἦ

146 325 332 367 Satanas
395 326 545 367 videns
602 327 818 368 hominem
879 327 1100 379 quandam
1149 327 1385 368 trinitatem
1433 328 1474 367 in
1520 341 1565 368 se
1609 328 1781 378 habere,

144 415 221 454 per
268 416 398 455 quam
445 404 498 444 ad
551 404 870 445 similitudinem
906 405 981 445 Dei
1024 404 1160 445 factus
1201 404 1352 453 fuerat,
1387 404 1515 445 aliam
1545 405 1778 447 trinitatem

147 479 264 520 cordi
295 479 443 529 infixit,
478 481 636 522 scilicet
670 481 1077 532 suggestionem,
1109 494 1436 532 consensum,
1470 482 1782 524 delectatio-

144 569 171 596 n
183 569 271 597 em.
309 557 423 598 Haec
438 558 520 600 tria
536 571 681 598 secum
698 558 852 608 attulit,
870 558 1024 610 quibus
1041 558 1277 599 trinitatem
1296 558 1369 599 Dei
1384 559 1436 599 de
1452 558 1580 599 corde
1596 559 1782 600 hominis

146 633 382 684 repelleret.
448 634 674 686 Suggestio
707 635 871 687 primus
906 637 1048 675 motus
1088 637 1166 684 est,
1201 636 1466 687 praecedens
1499 649 1778 685 consensum;
1803 652 1818 673 5

146 712 187 750 et
229 713 293 751 est
326 711 449 763 quasi
483 725 640 753 nomen
675 725 911 752 consensus
944 714 986 752 et
1018 712 1245 753 delectatio
1278 713 1366 754 filii.
1430 713 1511 753 Per
1544 714 1781 765 suggestio-

144 800 242 828 nem
286 789 540 830 memoriam
584 789 773 830 turbavit
808 791 850 830 et
882 789 1038 840 infecit,
1081 790 1357 841 promittens:
1403 789 1538 830 Eritis
1570 792 1674 831 siccat
1706 791 1783 831 Dii

143 866 309 905 scientes
343 865 489 905 boumn
529 870 564 906 et
608 867 760 906 malum
804 870 872 906 etc.
915 866 1035 920 (Gen.
1071 866 1184 919 3,5).
1271 866 1345 906 His
1388 866 1526 907 solum
1562 880 1673 920 quae
1706 868 1781 908 Dei

144 945 266 982 erant
322 942 532 993 insistere,
590 944 799 984 memoria
861 946 952 985 erat
1012 943 1218 992 liominis;
1277 943 1353 983 sed
1398 943 1501 983 dum
1553 944 1618 984 his
1669 958 1781 997 quae

143 1019 425 1071 promittebat
467 1020 564 1061 fecit
597 1020 833 1070 intendere,
888 1021 947 1061 sic
1002 1020 1161 1061 corruit
1212 1020 1342 1061 homo
1389 1021 1442 1061 de
1483 1022 1693 1063 memoria
1738 1022 1779 1062 in

143 1096 417 1147 oblivionem,
462 1110 538 1149 per
571 1110 829 1138 consensum
861 1098 1008 1150 lapsus
1045 1100 1109 1138 est
1145 1098 1186 1138 in
1218 1097 1573 1139 deliberationem
1607 1112 1781 1150 perver-

142 1187 249 1223 sam,
285 1186 364 1226 per
396 1173 727 1217 delectationem
761 1188 863 1215 vero
897 1174 1164 1216 rectitudinis
1198 1175 1237 1215 in
1273 1175 1542 1216 abusionem.

284 1251 491 1292 Memoria
534 1254 677 1292 autem
722 1251 762 1292 in
809 1252 904 1302 tria,
951 1252 1191 1293 intellectus
1233 1255 1379 1294 autem
1424 1255 1465 1293 et
1499 1253 1697 1294 voluntas
1738 1253 1780 1293 in

144 1328 325 1369 totidem
371 1329 589 1370 confracta
635 1332 710 1370 est.
776 1330 981 1371 Memoria
1024 1332 1125 1371 ante
1167 1333 1392 1382 peccatum
1437 1343 1522 1371 non
1566 1333 1657 1371 erat
1701 1330 1780 1370 nisi

141 1405 197 1447 ad
233 1418 284 1446 ea
318 1419 429 1458 quae
463 1406 537 1447 Dei
570 1409 689 1456 sunt;
733 1407 808 1449 sed
848 1410 944 1459 post
986 1410 1212 1460 peccatum
1255 1407 1466 1449 memoria
1500 1407 1781 1458 confringitur

143 1485 184 1524 et
229 1483 447 1525 confracta
493 1484 533 1524 in
587 1486 673 1525 tres
724 1487 870 1537 partes
920 1485 1145 1535 colliditur,
1192 1485 1232 1525 in
1283 1485 1342 1525 rei
1391 1485 1611 1526 familiaris
1653 1497 1779 1526 occu-

141 1560 376 1613 pationem,
417 1561 458 1601 in
492 1574 635 1602 rerum
670 1565 913 1604 exterarum
949 1562 1279 1603 sollicitudinem
1316 1564 1357 1603 et
1389 1562 1431 1603 in
1466 1575 1629 1610 earum,
1668 1575 1780 1614 quae

142 1638 196 1679 ad
242 1651 421 1690 regnum
454 1638 529 1680 Dei
574 1639 803 1691 pertinent,
843 1640 1211 1692 pervagationem.
1274 1639 1396 1680 Prius
1436 1642 1648 1692 occupata
1687 1639 1781 1681 erat

142 1715 351 1756 memoria
390 1716 502 1757 circa
537 1716 793 1757 Trinitatem
837 1719 878 1757 et
920 1730 1032 1769 quae
1065 1717 1156 1758 eius
1198 1718 1334 1763 erant,
1379 1716 1509 1757 modo
1543 1719 1780 1769 occupatur

142 1793 253 1834 circa
286 1806 353 1833 res
386 1793 630 1844 familiares,
671 1793 925 1835 sollicitatur
958 1794 1085 1835 etiam
1121 1794 1233 1835 circa
1265 1807 1333 1835 res
1366 1797 1549 1844 exteras,
1593 1793 1778 1835 intendit

150 1870 278 1911 etiam
313 1870 377 1911 his
411 1884 523 1923 quae
554 1871 609 1911 ad
643 1884 734 1911 rem
768 1884 853 1912 non
886 1872 1115 1924 pertinent,
1163 1872 1266 1912 dum
1300 1871 1352 1912 de
1379 1874 1496 1913 statu
1525 1872 1529 1923 Ι
1558 1871 1690 1923 regni,
1725 1871 1778 1912 de

142 1946 292 1988 itinere
342 1947 467 1998 regis,
523 1947 575 1987 de
619 1960 726 1999 pace
773 1949 814 1988 et
866 1950 1029 1989 werra*2
1080 1961 1130 1989 ac
1176 1948 1422 1989 huiusmodi
1468 1949 1658 2002 inquirit,
1705 1949 1778 1989 ubi

141 2024 282 2064 nullus
327 2024 488 2064 fructus
535 2026 611 2065 est.
685 2024 730 2065 In
777 2025 869 2066 aliis
914 2025 1065 2066 saltem
1112 2025 1363 2078 temporalis
1399 2026 1561 2067 fructus
1606 2029 1689 2076 est;
1736 2027 1777 2066 in

142 2099 205 2141 his
238 2100 391 2143 nullus.
457 2099 660 2142 Similiter
702 2101 942 2143 intellectus
985 2105 1026 2143 et
1065 2103 1174 2144 ratio
1218 2129 1267 2161 —.
1302 2116 1380 2155 pro
1424 2104 1577 2145 eodem
1621 2104 1776 2156 accipi-

141 2180 210 2218 tur
235 2178 476 2220 intellectus
513 2182 554 2220 et
588 2180 711 2229 ratio,
746 2180 950 2232 quoniam
981 2194 1030 2221 ex
1057 2180 1224 2221 ratione
1252 2180 1492 2222 intellectus
1538 2205 1585 2210 —-
1620 2181 1661 2221 in
1696 2182 1776 2223 tria
1797 2195 1812 2220 ε

141 2255 342 2296 dividitur
381 2258 422 2296 et
461 2256 502 2296 in
544 2258 630 2298 tres
671 2259 817 2310 partes
863 2257 1089 2298 colliditur.
1172 2258 1285 2298 Ante
1327 2261 1553 2310 peccatum
1597 2258 1777 2299 rationis

140 2335 232 2373 erat
276 2332 518 2375 discernere
575 2333 677 2386 quid
723 2334 865 2384 liceat,
922 2335 1107 2387 probare
1166 2335 1269 2391 quid
1324 2336 1537 2388 expediat,
1594 2336 1775 2389 experiri

281 2492 302 2526 2
329 2492 406 2535 Dei]
434 2493 606 2528 trinitatis
620 2494 664 2529 Β.
763 2496 782 2527 5
809 2493 935 2528 modus
956 2497 998 2529 A.
1098 2496 1118 2528 6
1145 2497 1181 2528 et
1202 2523 1209 2530 .
1226 2522 1256 2531 ..
1284 2495 1362 2540 filii]
1383 2497 1502 2529 cerba:
1528 2498 1564 2529 et
1585 2495 1775 2529 delectatio

140 2553 288 2586 delenda
319 2555 492 2597 videntur,
519 2559 558 2587 ut
583 2556 631 2587 sit
656 2565 799 2587 sensus:
837 2556 872 2587 et
910 2556 962 2587 est
991 2557 1208 2594 ‚consensus‘
1237 2555 1338 2599 quasi
1367 2567 1493 2589 nomen
1520 2555 1594 2596 filii,
1625 2558 1643 2589 ί,
1673 2568 1699 2589 e.
1725 2567 1775 2588 se-

140 2613 249 2645 cunda·
274 2613 420 2646 membro·
446 2615 623 2646 trinitatis
649 2625 670 2646 (ι
697 2614 833 2646 Samma
860 2614 997 2646 homini
1022 2615 1165 2658 infimae,
1198 2617 1300 2648 cuins
1322 2617 1485 2658 primum
1510 2615 1699 2648 membrum
1728 2619 1776 2647 est

139 2673 320 2714 anyyestz'o,
347 2673 487 2705 tertium
517 2673 710 2706 delectatio.
762 2674 973 2707 Jssaenmker.
1080 2673 1099 2706 7
1126 2673 1207 2706 boni
1241 2674 1342 2707 eritis
1368 2674 1462 2708 sicut
1491 2673 1525 2707 di
1542 2675 1581 2708 Β.
1681 2673 1701 2707 9
1728 2673 1775 2707 in—

139 2730 267 2763 sistere
286 2730 458 2764 debuerat
478 2732 611 2774 (snpra
631 2743 767 2765 versum
790 2731 982 2774 additum).
1004 2732 1177 2766 Memoria
1192 2735 1236 2767 A.
1336 2733 1417 2767 dum
1437 2732 1506 2776 his]
1528 2733 1605 2766 eius
1626 2744 1716 2776 quae
1734 2733 1774 2765 R.

143 2789 184 2823 10
204 2789 269 2830 sic]
284 2789 407 2834 sicque
428 2790 468 2825 B.
556 2790 597 2823 14
623 2790 820 2834 confracta]
837 2790 953 2825 fracta
967 2793 1007 2826 Β.
1094 2792 1135 2826 16
1162 2792 1359 2835 confracta]
1376 2793 1491 2826 fracta
1505 2795 1545 2827 Α.
1636 2791 1674 2826 18
1701 2803 1774 2836 per—

140 2848 255 2882 tinent
274 2860 337 2882 om.
357 2852 398 2883 Α.
496 2852 734 2893 occupaverat
748 2852 790 2885 B.
889 2850 933 2884 22
960 2849 1014 2894 ac]
1036 2850 1077 2884 de
1097 2850 1298 2885 huiusmodi
1319 2852 1494 2896 perquirit
1511 2852 1551 2886 Β.
1650 2851 1694 2885 23
1720 2853 1775 2885 est

140 2919 204 2944 om.
218 2909 258 2943 Β.
332 2908 629 2952 temporalibusA
650 2909 872 2954 temporibus
886 2910 924 2946 R.
1017 2910 1156 2944 fructus
1176 2912 1243 2953 est]
1264 2913 1319 2945 est
1339 2923 1402 2945 om.
1416 2913 1456 2945 Β.
1556 2909 1694 2944 23-24
1717 2910 1774 2943 hic

140 2968 259 3001 autem
274 2969 316 3002 Β.
414 2968 458 3001 26
485 2972 521 3001 et
546 2968 582 3001 in
607 2970 682 3002 tres
709 2980 773 3003 om.
796 2972 837 3005 B.
935 2969 978 3002 27
1007 2969 1104 3014 quid]
1132 2970 1223 3014 quod
1242 2973 1282 3007 A.

284 3097 294 3114 ¹
321 3110 434 3131 werra
465 3113 501 3125 x
530 3098 696 3142 litigium.
725 3101 979 3141 controversia,
1008 3100 1069 3134 Du
1098 3100 1246 3143 Gange
1273 3112 1300 3136 s,
1328 3100 1361 3135 h.
1389 3112 1422 3135 v,

1803 1035 1835 1059 10

1802 1420 1834 1444 15

1798 1810 1832 1834 20
