2106 3453
527 218 717 257 Tractatus
742 218 804 258 IV.
836 219 906 256 ·De
932 224 1156 257 sacramento
1182 220 1447 259 incarnationis.
1733 218 1804 257 83³⁶

173 326 392 368 communi
434 327 920 380 rationeplenitudinis,
955 326 1056 380 quia
1083 326 1122 367 in
1153 340 1331 368 munere
1357 340 1442 367 non
1471 330 1535 368 est
1560 327 1802 380 plenitudo,

173 404 247 445 sed
281 405 322 445 in
356 407 527 453 natura,
562 405 721 445 seilicet
748 405 877 455 fonte,
911 418 996 445 non
1030 406 1070 445 in
1104 405 1240 445 rivulo
1274 405 1398 455 inest,
1432 418 1519 446 non
1547 405 1587 445 in
1617 405 1803 446 defluxu.

314 481 544 523 Praeterea
578 481 692 522 Deus
726 484 789 522 est
823 495 888 532 eo,
930 481 1045 534 quod
1081 483 1144 522 est
1176 481 1327 532 sciens,
1363 482 1489 523 Deus
1554 482 1656 523 Esse
1691 483 1804 523 enim

173 558 309 598 Deum
345 558 564 608 scientem,
601 561 663 599 est
697 572 790 599 esse
822 559 972 600 Deum.
1037 558 1133 598 Non
1178 561 1324 600 autem
1359 558 1517 599 Christi
1561 559 1707 601 anima
1749 560 1807 601 ita

174 637 238 675 est
270 634 422 686 sciens,
456 635 572 687 quod
607 635 676 676 illa
709 635 889 676 scientia
922 635 976 676 sit
1008 635 1116 676 illius
1151 649 1263 684 esse;
1298 637 1363 676 est
1394 638 1541 677 tamen
1569 637 1706 678 sciens
1734 637 1805 677 illa
1829 653 1842 676 5

173 712 370 761 scientia;
415 712 490 753 sed
523 725 611 752 non
651 715 697 753 ut
729 712 925 754 Christus
966 714 1042 754 aut
1083 712 1225 761 Pater,
1269 713 1474 765 quoniam
1520 713 1807 755 illustratione

173 790 377 842 quadam,
412 802 523 841 quae
557 789 597 829 in
631 790 777 830 anima
810 789 909 830 facit
942 792 1107 830 motum
1149 791 1368 842 quendam
1409 790 1463 830 ad
1507 791 1808 843 cognoscenda

173 869 215 906 et
255 866 428 907 scienda
474 879 524 907 ea
570 880 682 919 quae
727 869 839 908 sunt.
916 863 962 907 In
1008 867 1097 908 Deo
1142 869 1287 908 autem
1332 881 1419 908 non
1462 867 1595 909 habet
1640 871 1807 908 motum

173 944 369 993 scientim
413 943 473 985 sic
520 945 632 985 enim
683 944 760 985 scit
794 944 923 994 Deus,
956 946 1004 985 ut
1036 945 1182 985 omnia
1216 945 1341 985 simul
1374 945 1466 986 sine
1500 945 1644 998 aliquo
1689 947 1809 985 motu

173 1021 236 1061 sui
272 1021 391 1062 sciat.
456 1021 614 1063 Anima
647 1024 792 1063 autem
822 1021 979 1062 Christi
1006 1021 1065 1062 ita
1091 1023 1183 1072 seit,
1212 1025 1258 1062 ut
1286 1022 1485 1074 quamvis
1512 1023 1657 1063 omnia
1687 1022 1807 1072 sciat,
1834 1037 1864 1060 ω

175 1111 262 1139 non
297 1100 443 1139 tamen
480 1098 593 1139 illam
622 1099 843 1140 scientiam
873 1098 1033 1140 habeat
1065 1099 1155 1139 sine
1188 1102 1324 1151 motu,
1359 1100 1564 1152 quoniam
1599 1100 1691 1152 ipsa
1725 1113 1811 1153 qua

175 1175 391 1216 illustrata
426 1177 502 1226 est,
538 1175 822 1216 illustratione
855 1179 1054 1217 movetur
1080 1176 1134 1218 ad
1164 1177 1526 1228 cognoscendum.
1590 1177 1658 1218 Sic
1685 1177 1812 1228 igitur

176 1252 216 1292 in
252 1252 415 1294 habere
446 1252 758 1305 plenitudinem
799 1265 884 1293 non
928 1253 1191 1294 conveniunt
1234 1254 1359 1304 Deus,
1406 1254 1535 1294 Pater
1579 1258 1621 1295 et
1666 1254 1811 1295 anima

174 1329 346 1380 Christi,
382 1330 514 1371 immo
549 1330 764 1372 differunt.

315 1407 421 1448 Item
453 1407 613 1448 Lucas
640 1407 758 1448 dicit:
794 1406 1037 1460 Profiztz‘ebcct
1067 1411 1196 1447 aetate
1225 1412 1259 1447 et
1288 1408 1494 1461 sapientia
1525 1408 1639 1461 apud
1677 1409 1810 1449 Deum
1835 1428 1866 1453 15

174 1487 209 1523 et
240 1483 421 1523 homines
448 1483 566 1537 (Luc.
594 1482 739 1536 2,52).
804 1483 889 1524 Sed
926 1483 1065 1525 dieas:
1101 1497 1186 1524 non
1231 1484 1272 1523 in
1305 1496 1363 1534 se,
1409 1483 1484 1525 sed
1517 1484 1559 1524 in
1592 1484 1811 1526 memhris.

177 1560 248 1600 Vel
284 1560 536 1613 proficiebat
569 1562 712 1602 aetate
745 1564 958 1613 quantum
993 1561 1048 1601 ad
1074 1560 1226 1611 Deum,
1267 1561 1479 1613 sapientia
1513 1564 1722 1614 quantum
1757 1562 1811 1602 ad

176 1637 388 1679 homines.
439 1638 566 1678 Item:
609 1637 811 1678 Seientessae
830 1639 916 1677 elue
937 1651 1019 1678 non
1041 1644 1097 1678 est
1116 1651 1313 1678 numerus
1337 1638 1419 1687 (Pe.
1444 1639 1590 1691 146,5)
1616 1641 1674 1680 et:
1720 1639 1814 1691 Ipse

173 1714 331 1755 habitat
373 1714 500 1755 liccem
542 1714 852 1754 inaccessibilem
897 1714 952 1768 (I.
995 1714 1100 1756 Tm.
1142 1717 1181 1766 6,
1202 1715 1296 1768 16);
1350 1715 1439 1756 secl
1469 1715 1536 1760 rad
1582 1728 1660 1760 nos
1706 1716 1812 1756 haec

176 1791 439 1841 referuntur3
476 1794 516 1832 et
548 1791 851 1832 Ambrosius
885 1805 1058 1845 quoque
1091 1795 1243 1833 eontra
1284 1792 1524 1833 haereticos
1544 1794 1580 1834 1:
1628 1793 1812 1846 Spiritus
1834 1813 1865 1837 20

176 1871 353 1910 sanctus
385 1882 471 1910 non
506 1871 571 1910 est
604 1872 816 1919 ereatura,
857 1870 959 1922 quia
992 1870 1069 1911 seit
1103 1870 1262 1916 omnia.
1329 1871 1474 1912 Dicas:
1523 1871 1639 1911 Bene
1672 1870 1813 1922 sequi-

176 1950 259 1996 tur,
296 1947 501 2000 quoniam
546 1946 703 1987 virtute
737 1960 840 1988 suae
873 1950 1058 1993 naturae
1090 1948 1168 1989 scit
1196 1948 1360 1998 omnia,
1395 1949 1520 2000 quod¹
1545 1961 1630 1989 non
1666 1951 1729 1989 est
1761 1949 1813 1994 de

178 2023 324 2065 anima
358 2023 527 2065 Christi.
1637 2083 1641 2084 ⁷
1694 2081 1699 2083 α

256 2137 259 2140 Α
320 2101 421 2142 Alii
467 2104 637 2143 autem
696 2102 905 2143 dieunt2
949 2102 1141 2144 animam
1193 2102 1323 2153 illam,
1375 2104 1573 2156 quamvis
1622 2103 1811 2144 omnium

320 2285 340 2319 2
374 2285 468 2320 inest
502 2274 636 2330 scripsi
654 2288 724 2320 AB
756 2286 792 2319 in
825 2296 915 2320 esse.
1019 2285 1039 2318 3
1073 2285 1191 2319 sciens
1222 2298 1289 2320 om.
1311 2289 1338 2319 A
1371 2289 1405 2319 ἰιι
1434 2286 1466 2318 Β
1492 2297 1605 2329 snpra
1631 2288 1815 2329 scriptum.

176 2346 199 2378 4
225 2356 304 2379 esse
325 2344 451 2387 Deum]
480 2345 592 2379 Deum
619 2357 683 2379 om.
700 2347 731 2379 A
748 2350 920 2389 postesse
935 2344 1046 2378 Deum
1074 2347 1201 2379 acld.A
1218 2345 1333 2381 aliter.
1408 2346 1427 2379 6
1455 2345 1516 2379 sed
1543 2357 1611 2379 non
1638 2347 1678 2379 ut
1703 2357 1768 2379 om.
1787 2349 1815 2378 A

177 2405 234 2437 hic
266 2409 315 2438 est
343 2406 473 2438 lacuna
505 2408 543 2438 in
576 2417 639 2438 ms.
759 2404 874 2446 137in]
909 2404 959 2438 ita
986 2408 1027 2438 A.
1127 2416 1196 2438 non
1223 2416 1287 2438 om.
1318 2409 1345 2438 A
1375 2404 1410 2438 in
1439 2406 1469 2438 Β
1489 2410 1614 2448 postea
1641 2404 1815 2438 additum.

171 2463 222 2497 Δ19
249 2463 374 2497 habuit
394 2466 435 2499 Β,
534 2464 579 2497 22
606 2464 707 2508 sequi
730 2465 772 2498 Β.
870 2463 1023 2497 virtutes
1040 2466 1082 2499 A..

322 2636 331 2652 ¹
361 2635 690 2670 Ambrosiaster
715 2635 751 2669 in
781 2636 807 2670 I.
835 2635 914 2670 Cor.
942 2636 1048 2676 2,11.
1077 2635 1159 2676 (PL.
1186 2636 1242 2676 17,
1275 2637 1367 2679 195.)

320 2699 333 2717 ⁹
358 2700 451 2735 Hinc
476 2712 589 2745 usque
616 2701 660 2735 ad
686 2713 718 2746 p.
746 2700 816 2735 86*
838 2713 871 2736 v.
898 2701 943 2735 22
970 2702 1133 2746 sequitur
1168 2701 1321 2746 epistola
1352 2702 1543 2736 Walteri
1580 2702 1627 2735 de
1661 2702 1817 2735 Mauri-

179 2759 305 2793 tania
329 2759 373 2794 ad
393 2759 616 2803 Hugonem
640 2760 693 2794 de‘
714 2760 798 2796 Sto.
816 2760 1023 2802 Victore,
1040 2760 1192 2805 primum
1222 2761 1319 2795 edita
1339 2761 1382 2795 ab
1405 2761 1584 2805 Hugone
1611 2761 1816 2794 Mathoud

180 2818 215 2852 in
255 2820 553 2852 Adnotatztom·bus
591 2821 639 2852 ad
678 2821 862 2853 Robertum
910 2821 1054 2853 Pullum
1094 2820 1209 2861 (Paris
1247 2821 1350 2859 1655)
1387 2820 1454 2854 PL.
1494 2820 1570 2860 186,
1614 2820 1703 2853 1052
1739 2831 1815 2864 sqq.

180 2877 403 2911 Prooemium
439 2879 475 2912 et
519 2878 625 2912 finem
670 2878 844 2922 epistulae
889 2878 1025 2913 omittit
1076 2881 1200 2913 auctor
1243 2882 1376 2913 noster.
1421 2879 1609 2912 Lectiones
1638 2879 1819 2912 variantes

180 2947 288 2981 supra
308 2936 488 2971 adnotavi.
514 2939 622 2977 [Wm.
649 2953 688 2965 z
716 2937 870 2982 epistola
889 2937 1045 2972 Walteri
1072 2938 1114 2971 de
1142 2938 1384 2979 Mauritania).
1437 2938 1534 2979 Quae
1555 2939 1590 2972 in
1611 2938 1763 2982 epistola
1783 2939 1816 2971 in

181 2996 296 3040 prima
328 3007 478 3040 persona
511 2995 687 3038 dicuntur,
725 2996 826 3031 verbi
853 2997 994 3040 gratia:
1040 2997 1127 3035 dico,
1156 3009 1288 3038 assero,
1317 3000 1439 3032 auctor
1464 3000 1585 3031 noster
1614 2998 1648 3030 in
1674 2997 1817 3031 tertiam

180 3065 368 3098 personam
396 3056 532 3089 mutat:
560 3055 691 3096 dicunt,
719 3058 895 3090 asserunt.

1629 3121 1673 3161 f..
