2106 3453
647 253 839 287 Tractatus
866 252 907 288 V.
962 251 1011 285 De
1037 252 1283 286 sacramentis.
1690 250 1781 286 133ss

152 357 388 398 cedendum
432 360 511 406 est;
559 357 633 398 sed
666 359 810 396 tamen
845 355 944 396 ista:
988 357 1194 404 mutatur,
1238 355 1403 405 transit,
1448 356 1640 397 efficitur.
1708 356 1781 396 Vel

151 446 380 485 possumus
414 433 555 473 dicere
588 432 823 473 secundum
859 431 1086 483 quosdam,
1120 432 1236 483 quod
1264 444 1349 472 non
1374 435 1437 472 est
1466 432 1596 472 modo
1626 445 1781 484 corpus

152 509 321 558 Christi,
374 509 487 561 quod
538 521 631 550 cras
677 509 755 550 crit
800 521 955 560 corpus
1002 507 1170 548 Christi.
1248 507 1290 547 Si
1325 521 1510 560 quaeras
1552 508 1779 558 rationem,

151 585 370 637 quomodo
406 584 482 625 hoc
518 585 605 634 fiat,
646 584 840 633 dicimus,
883 584 997 636 quod
1041 584 1293 636 mysterium
1337 584 1434 625 fidei
1481 586 1560 633 est;
1609 584 1781 625 salubre

152 661 265 702 credi
299 663 455 713 potest,
495 660 706 701 subtiliter
739 660 982 711 investigari
1027 673 1110 700 non
1152 647 1295 712 potest
1316 661 1340 701 1.
1404 659 1500 700 Non
1542 662 1685 712 potest
1725 660 1782 700 ibi

152 737 343 778 humana
378 737 486 777 ratio
520 736 676 786 notari,
719 736 834 788 quod
877 738 1048 788 praeter
1090 736 1324 777 humanam
1368 736 1578 777 rationem
1622 736 1781 777 factum

152 814 227 853 est.
292 813 425 853 Sicuti
469 816 617 854 contra
659 817 862 854 naturam
903 815 1030 853 natus
1074 815 1149 860 est,
1196 812 1254 852 ita
1299 814 1448 852 contra
1492 814 1690 852 naturam
1734 812 1782 852 tit

151 889 221 930 illa
260 889 457 930 mutatio.
522 889 641 930 Sicut
683 890 831 929 contra
874 891 1075 929 naturam
1119 890 1195 936 est,
1241 888 1357 940 quod
1400 901 1485 928 uno
1541 888 1781 940 eodemque

150 967 344 1017 tempore
378 967 493 1005 totus
527 967 592 1005 est
625 965 667 1004 in
701 965 782 1005 hoc
815 964 941 1005 altari
974 967 1015 1004 et
1048 964 1087 1004 in
1123 964 1192 1004 illo
1227 967 1266 1005 et
1300 964 1444 1004 multis
1478 964 1570 1005 aliis
1603 966 1645 1005 et
1672 965 1782 1005 sicut

150 1041 294 1081 clauso
329 1041 437 1082 ostio
474 1041 649 1081 intravit
681 1040 736 1081 ad
770 1040 1001 1092 discipulos
1035 1042 1077 1080 et
1109 1040 1249 1090 exivit,
1285 1040 1401 1092 quod
1434 1043 1498 1081 est
1525 1043 1673 1082 contra
1701 1041 1780 1081 hu-

150 1130 324 1158 manam
359 1117 569 1158 rationem
606 1119 646 1157 et
680 1117 789 1158 ratio
824 1116 943 1157 reddi
977 1129 1062 1157 non
1104 1118 1259 1168 potest,
1304 1117 1361 1157 ita
1396 1119 1437 1158 et
1470 1116 1536 1158 hic
1567 1117 1780 1158 rationem

149 1207 236 1234 non
264 1207 461 1246 quaeras.
522 1193 612 1234 Hoc
640 1196 703 1234 est
725 1192 930 1241 ,manhu‘,
954 1193 1070 1245 quod
1092 1193 1416 1245 interpretatur:
1452 1193 1564 1243 Quid
1588 1196 1651 1234 est
1671 1193 1780 1234 hoo?

149 1270 242 1311 Hoc
275 1273 338 1311 est
371 1269 532 1320 ,achis‘,
574 1269 690 1322 quod
724 1269 1047 1321 interpretatur:
1090 1269 1319 1319 Quomodo
1354 1271 1445 1310 est?
1508 1269 1632 1310 Unde
1665 1270 1780 1310 Am-

149 1346 353 1387 brosius
371 1349 403 1384 2:
441 1346 540 1396 ,Cur
573 1345 613 1386 in
643 1358 822 1397 corpore
848 1345 1005 1386 Christi
1032 1345 1226 1386 ordinem
1255 1348 1436 1387 naturae
1464 1346 1649 1398 quaeris,
1683 1359 1779 1386 cum

150 1426 300 1464 contra
341 1426 539 1464 naturam
582 1422 634 1462 de
668 1422 827 1473 virgine
868 1424 931 1463 est
975 1424 1143 1462 Πειῒιῑεῖἒί
1208 1421 1303 1462 Non
1348 1422 1458 1463 enim
1505 1422 1551 1462 fit
1597 1422 1780 1463 mutatio

150 1499 219 1541 illa
254 1512 330 1551 per
362 1499 581 1539 unionem.
645 1498 734 1539 Iam
769 1498 883 1539 enim
916 1497 1078 1550 aliquid
1111 1498 1367 1539 adhaereret
1409 1498 1576 1550 corpori
1610 1498 1780 1549 Christi,

151 1575 225 1616 sed
258 1575 318 1616 ita
351 1576 411 1625 fit,
446 1578 492 1616 ut
525 1575 723 1625 diximus,
765 1574 879 1627 quod
913 1575 1084 1627 penitus
1123 1574 1275 1616 desinit
1311 1587 1416 1624 esse,
1458 1575 1575 1626 quod
1616 1577 1708 1616 erat
1740 1576 1783 1616 et

151 1652 305 1693 transit
339 1652 380 1692 in
415 1665 569 1704 corpus
603 1651 773 1692 Christi.
836 1651 933 1692 Non
973 1654 1035 1692 est
1079 1651 1187 1692 adeo
1230 1651 1490 1702 mirandum,
1536 1651 1571 1692 si
1612 1654 1782 1703 praeter

150 1731 353 1770 naturam
389 1728 658 1769 substantiae
698 1728 795 1769 illae
834 1730 1057 1770 imitantur
1102 1728 1140 1768 in
1186 1741 1340 1780 corpus
1387 1728 1555 1775 Christi,
1599 1741 1696 1768 cum
1740 1730 1782 1768 et

148 1806 238 1857 ipse
272 1807 421 1846 contra
456 1807 657 1846 naturam
691 1817 819 1857 super
851 1817 987 1856 aquas
1021 1805 1259 1845 ambulavit
1292 1807 1332 1845 et
1366 1807 1536 1857 praeter
1575 1807 1776 1845 naturam
1798 1823 1812 1847 ε

150 1895 325 1922 uxorem
366 1881 445 1921 Lot
490 1881 530 1921 in
578 1882 767 1921 statuam
801 1880 901 1921 salis
935 1881 1119 1921 mutavit
1152 1884 1193 1921 et
1227 1894 1345 1922 mare
1383 1881 1561 1921 rubrum
1606 1880 1779 1921 mirabi-

150 1958 243 1998 liter
275 1958 396 2009 quasi
431 1970 599 1997 murum
635 1957 768 1998 erexit
803 1959 844 1996 et
879 1956 930 1996 de
965 1957 1135 1997 modico
1163 1956 1324 1997 semine
1354 1970 1534 2009 magnas
1562 1957 1661 1998 facit
1688 1970 1779 1997 cre-

151 2047 267 2075 scere
296 2038 480 2086 segetes;
517 2033 713 2074 homines
741 2033 869 2074 etiam
898 2046 975 2073 suo
1006 2033 1185 2074 artificio
1219 2033 1484 2074 substantias
1511 2035 1781 2074 commutant

151 2110 352 2152 facientes
385 2110 437 2150 de
483 2110 578 2150 seno
614 2110 785 2159 vitrum,
829 2109 881 2151 de
928 2109 1025 2149 Vino
1068 2112 1254 2150 acetum.
1332 2110 1628 2150 Incantatores
1672 2110 1780 2162 pha-

149 2186 292 2228 raonis
326 2187 480 2227 eadem
514 2186 744 2236 faciebant,
790 2198 900 2238 quae
943 2188 984 2226 et
1017 2185 1183 2238 Moyses
1227 2199 1363 2238 usque
1406 2186 1461 2227 ad
1505 2186 1676 2226 tertium
1723 2186 1813 2226 si-2

150 2275 295 2314 gnum,
330 2263 504 2315 quando
543 2263 757 2304 dixerunt:
796 2263 963 2317 Diye'tecs
996 2263 1076 2303 Dei
1107 2267 1162 2302 est
1194 2263 1257 2303 Ιιεῖθ
1290 2263 1387 2316 (Er.
1421 2264 1461 2315 δ’,
1481 2263 1566 2316 M).

295 2340 359 2380 De
393 2339 490 2389 his,
532 2353 660 2392 quae
693 2342 980 2387 remanent,
1024 2339 1157 2380 solet
1199 2339 1395 2391 quaeri,
1440 2339 1500 2380 ad
1544 2339 1663 2391 quid
1702 2352 1780 2379 re-

151 2418 390 2457 maneant
425 2418 471 2456 et
505 2415 551 2456 in
585 2416 800 2468 quibusss
864 2415 1020 2456 Tribus
1055 2415 1106 2456 de
1140 2416 1280 2456 causis
1313 2419 1552 2466 remanent,
1595 2418 1642 2455 ut
1674 2415 1780 2456 fides

150 2492 310 2533 habeat
345 2492 557 2543 meritum,
593 2494 633 2532 et
664 2494 711 2532 ut
746 2505 832 2533 non
865 2492 1178 2533 abhorreamus
1211 2505 1381 2533 sumere
1416 2492 1652 2533 humanam
1687 2504 1780 2532 car-

151 2581 263 2619 nem,
299 2571 340 2609 et
372 2570 420 2609 ut
451 2581 537 2609 non
571 2568 845 2610 derideamur
878 2568 933 2610 ab
967 2568 1221 2609 infidelibus.

294 2752 313 2783 (5
340 2752 482 2794 praeter
507 2753 649 2793 scripsi.
671 2752 702 2784 A
718 2751 750 2784 B
776 2756 930 2795 propter.
1080 2751 1120 2784 16
1148 2749 1317 2783 adhaeret
1340 2753 1380 2784 A.
1520 2751 1560 2783 17
1588 2753 1624 2783 ot
1650 2762 1715 2783 om.
1737 2753 1779 2784 A.

155 2809 196 2843 18
222 2809 433 2852 mirandum]
455 2809 662 2843 mutandum
683 2812 726 2844 A.
828 2810 868 2844 19
895 2811 1079 2843 mutentur
1099 2811 1141 2843 B.
1216 2809 1260 2842 22
1288 2808 1374 2842 fecit
1396 2811 1435 2844 B.
1513 2809 1558 2842 30
1584 2811 1624 2842 ut:
1650 2821 1715 2843 om.
1737 2811 1779 2842 Β.

296 2978 306 2995 ¹
333 2978 378 3013 cf.
406 2978 542 3013 Lomb.
572 2981 664 3013 Sent.
693 2979 714 3015 l.
743 2980 803 3013 IV.
831 2979 862 3021 d.
894 2980 944 3013 11.
973 2991 1001 3013 o.
1028 2979 1061 3014 2.

295 3039 306 3055 ’·’
332 3051 361 3072 c.
388 3040 443 3073 69.
470 3038 489 3081 ξ
517 3039 547 3072 3.
576 3039 606 3072 d.
634 3040 665 3073 2.
694 3039 736 3072 de
763 3051 858 3073 cons.

296 3098 307 3114 ⁵³
334 3099 395 3132 SS.
426 3097 482 3138 Vl,
503 3101 525 3131 4
554 3099 629 3140 (141
649 3098 702 3140 Ο);
735 3099 868 3135 Lomb.
899 3103 991 3132 Sc'lll‘.
1018 3098 1040 3133 1.
1068 3098 1129 3134 IV.
1157 3099 1188 3133 d.
1220 3099 1271 3132 12.
1299 3110 1329 3133 c.
1360 3101 1387 3132 1.

1803 1051 1834 1075 10

1804 1437 1835 1462 15

1799 2579 1833 2603 30
