2106 3453
324 187 344 222 2
355 186 371 204 *
918 187 1121 223 Sententiae
1151 187 1363 222 divinitatis.

325 291 529 344 quoniam
564 295 853 344 appui-ueremf
882 291 1015 344 fontes
1048 306 1253 347 aquaram}
1287 296 1322 332 et
1354 292 1530 332 revelata
1562 297 1658 332 semi}
1681 292 1956 345 fundamenta

325 368 433 408 orbis
478 372 688 408 temni-am
744 368 828 422 (Βῆ.
867 369 1051 422 1'7‚16).
1155 369 1331 409 Diversa
1381 368 1650 410 diversarum
1702 370 1952 411 facultatum

328 446 532 496 dogmata
576 445 729 494 fluunt,
781 445 937 496 quibus
982 446 1103 487 arida
1148 446 1277 487 corda
1320 445 1512 486 necdum
1557 446 1788 487 exercitata
1833 446 1956 498 quasi

326 522 514 574 quodam
550 521 685 562 imbre
715 521 887 562 caelesti
914 522 1075 574 irrigari
1116 526 1309 575 possunt.
1373 524 1545 575 Legitur
1571 523 1775 575 quoniam
1803 523 1956 563 caelum
1990 538 1993 541 ’

325 599 507 639 clausum
539 598 625 651 fuit
657 603 692 638 et
720 612 802 638 uon
825 599 937 652 pluit
957 613 1088 640 cennos
1118 604 1197 639 tres
1218 604 1253 640 et
1275 614 1427 640 irienses
1450 613 1520 640 sar
1541 599 1732 654 factaque
1752 604 1808 639 est
1824 598 1957 652 fames

325 716 380 747 est
407 713 620 755 imaginaria
646 712 704 746 vel
730 712 939 757 spiritualis,
973 725 1043 757 qua
1070 713 1244 756 imagines
1270 725 1466 758 corporum,
1501 726 1570 747 non
1597 714 1694 758 ipsas
1720 725 1778 747 res
1804 713 1861 747 vel
1887 725 1959 747 cor-

325 783 411 816 pora
445 771 592 816 spiritus
628 774 748 805 noster
781 771 890 812 videt,
928 771 983 806 vel
1019 773 1052 806 in
1089 772 1222 806 somnis
1257 777 1299 814 (a
1328 776 1524 816 posteriore
1551 786 1658 807 maim
1685 775 1868 806 additum:
1902 773 1958 806 vel

325 830 401 864 sine
428 831 585 873 somnis),
621 830 773 874 qualiter
799 831 927 865 Petrus
955 831 1089 865 discum
1118 832 1228 866 variis
1255 832 1396 876 plenum
1424 832 1636 866 animalibus
1663 832 1754 865 vidit
1780 832 1874 874 (Act.
1904 836 1957 877 10,

329 894 368 923 11
396 891 498 933 sqq),
535 893 570 923 et
608 890 797 924 Zacharias
833 890 939 924 etiam
967 890 1002 924 in
1028 890 1165 924 visione
1192 902 1257 924 sua
1283 890 1375 925 vidit
1399 893 1568 935 quattuor
1594 903 1725 925 cornua
1751 892 1956 925 universum

324 949 493 983 mundum
521 949 731 993 occupantia
756 951 885 990 (Zac-h.
914 953 944 990 1,
970 953 1011 983 18
1031 952 1132 993 sqq.)
1183 949 1323 983 Dicitur
1343 950 1551 994 spiritualis,
1572 950 1739 994 quoniam
1760 962 1827 984 non
1847 951 1959 984 oculis

325 1008 515 1052 corporeis,
552 1007 615 1041 sed
648 1008 897 1052 spiritualibus
928 1008 1131 1053 percipitur.
1194 1008 1333 1042 Dicitur
1360 1011 1395 1043 et
1422 1009 1644 1053 imaginaria,
1672 1021 1712 1043 eo
1749 1010 1841 1054 quod
1869 1011 1958 1055 (ipsa

325 1069 407 1102 add.
436 1080 457 1100 (ι
484 1079 592 1100 marm
626 1069 772 1108 recenti)
809 1079 877 1101 non
912 1079 970 1101 res
1002 1067 1059 1101 vel
1092 1079 1248 1112 corpora,
1293 1068 1355 1102 sed
1389 1080 1510 1102 eorum
1543 1072 1737 1102 cernuntur
1771 1069 1957 1112 imagines.

325 1126 446 1160 Tertia
483 1129 538 1160 est
573 1125 837 1167 intellectualis,
876 1138 965 1170 quae
1002 1127 1035 1160 in
1071 1127 1174 1170 cogni
1194 1127 1272 1160 ione
1307 1127 1420 1171 ipsius
1456 1127 1657 1161 divinitatis
1685 1130 1721 1161 et
1747 1128 1956 1162 caelestium

324 1186 541 1218 secretorum
568 1186 744 1226 consistit,
773 1197 864 1229 quae
890 1189 986 1220 recte
1014 1186 1144 1220 dicitur
1165 1186 1430 1221 intellectualis.
1480 1187 1563 1231 Ipsa
1584 1187 1675 1220 enim
1699 1199 1740 1221 ea
1761 1188 1796 1221 vi
1815 1188 1957 1228 mentis,

325 1254 416 1287 quae
451 1243 581 1278 dicitur
615 1243 829 1285 intellectus,
862 1245 1038 1285 videntur,
1076 1257 1165 1289 quae
1201 1257 1264 1279 nec
1300 1257 1447 1290 corpora
1477 1248 1560 1280 sunt
1595 1258 1659 1280 nec
1686 1246 1860 1290 imagines
1887 1258 1958 1281 cor-

328 1315 451 1348 porum
489 1306 582 1347 sunt,
619 1304 739 1348 qualia
767 1306 863 1346 (sunt
889 1307 972 1339 add.
999 1318 1019 1338 (ι
1049 1317 1157 1338 ancum
1185 1307 1326 1347 racemis)
1362 1317 1462 1339 mens
1488 1306 1565 1350 ipsa
1591 1308 1627 1339 et
1652 1306 1728 1350 ipse
1755 1306 1959 1341 intellectus

325 1365 361 1397 et
387 1363 503 1397 omnis
529 1363 670 1397 affectio
697 1364 847 1404 animae,
882 1366 921 1397 ut
948 1364 1101 1404 dilectio,
1129 1364 1279 1404 bonitas,
1307 1365 1510 1408 benignitas
1538 1367 1573 1399 et
1597 1365 1810 1400 huiusmodi.
1861 1366 1959 1400 Haec

327 1423 436 1466 igitur
472 1423 540 1457 tria
575 1425 659 1456 sunt
694 1435 826 1467 genera
860 1424 1049 1463 visionum,
1086 1424 1291 1468 corporalis,
1328 1424 1537 1468 spiritualis,
1574 1425 1838 1465 intellectualis,
1868 1436 1959 1469 quae

325 1482 479 1526 quadam
515 1482 643 1516 secreti
680 1482 855 1526 dignitate
891 1485 927 1516 et
961 1482 1105 1516 videndi
1143 1483 1355 1517 excellentia
1392 1483 1556 1517 dicuntur
1592 1484 1692 1523 caeli,
1731 1495 1880 1528 quarum
1907 1495 1959 1518 se-

325 1541 440 1575 cunda
478 1542 719 1586 praestantior
757 1544 813 1576 est
849 1554 955 1586 quam
992 1542 1105 1586 prima
1141 1545 1176 1576 et
1210 1542 1318 1577 tertia
1353 1555 1458 1587 quam
1495 1543 1662 1578 secunda.
1715 1543 1790 1577 Hac
1827 1544 1957 1577 etenim

326 1612 425 1635 mens
456 1602 560 1645 rapta
591 1601 802 1635 subvehitur
834 1601 869 1635 in
901 1601 998 1635 illam
1033 1602 1133 1646 quasi
1169 1601 1448 1644 intelligibilium
1476 1602 1668 1645 regionem.
1722 1602 1823 1636 Unde
1851 1603 1959 1636 etiam

325 1660 395 1694 ista
427 1660 596 1694 inferiora
628 1660 808 1700 diiudicat,
843 1660 901 1694 ubi
928 1661 1082 1698 (omnino
1109 1663 1191 1694 add.
1220 1674 1240 1693 a
1263 1674 1369 1695 mama
1397 1663 1538 1703 rec-enti)
1575 1662 1651 1695 sine
1678 1662 1834 1704 imagine
1860 1661 1960 1696 videt

324 1719 550 1763 perspicuam
578 1720 781 1761 veritatem,
817 1720 877 1754 ubi
903 1721 1057 1755 virtutes
1083 1732 1151 1755 non
1179 1723 1262 1754 sunt
1287 1733 1467 1765 operosae,
1495 1720 1529 1755 id
1558 1724 1623 1762 est,
1650 1733 1715 1755 nec
1743 1733 1849 1765 opere
1875 1723 1960 1755 tem-

325 1778 508 1823 perantiae
543 1779 651 1813 libido
673 1780 834 1813 frenatur
859 1791 924 1813 nec
951 1792 1054 1824 opere
1084 1780 1168 1814 forti
1196 1780 1429 1821 (fortitudinis
1455 1792 1548 1814 corr.
1575 1793 1669 1814 msm.
1698 1782 1779 1822 ree)
1806 1780 1958 1814 adversa

324 1837 523 1872 tolerantur
553 1849 617 1871 nec
650 1850 754 1883 opere
788 1839 948 1873 iustitiae
987 1839 1107 1883 iniqua
1145 1840 1339 1883 puniuntur
1374 1851 1438 1873 nec
1477 1851 1583 1883 opere
1621 1839 1830 1883 prudentiae
1866 1839 1960 1873 mala

323 1896 495 1933 vitantur.
591 1897 670 1932 Una
713 1897 761 1931 ibi
808 1901 844 1932 et
886 1901 962 1932 tota
1006 1898 1122 1932 virtus
1167 1901 1222 1932 est
1267 1910 1386 1932 amare
1431 1899 1522 1943 quod
1562 1898 1696 1938 videas,
1743 1902 1778 1933 et
1822 1910 1960 1933 summa

324 1956 490 1996 felicitas,
525 1956 654 1990 habere
689 1957 779 2000 quod
815 1969 924 1992 amas.
976 1957 1073 1991 Haec
1106 1960 1162 1992 est
1194 1957 1303 2000 igitur
1339 1957 1428 1992 visio
1462 1969 1531 2002 qua
1566 1958 1713 1992 claritas
1747 1958 1884 1992 Domini
1913 1959 1961 1992 vi-

326 2016 437 2056 detur,
475 2028 543 2050 non
580 2017 701 2060 utique
737 2028 800 2061 per
835 2017 1082 2060 imaginariam
1120 2017 1196 2051 sive
1232 2017 1449 2061 corporalem
1486 2017 1658 2051 visionem
1695 2029 1765 2062 qua
1799 2019 1878 2052 visa
1905 2020 1960 2051 est

325 2075 361 2109 in
388 2075 483 2117 Sina,
518 2074 594 2109 sive
620 2075 845 2120 spiritualem
881 2088 950 2120 qua
976 2076 1090 2110 Isaias
1116 2078 1150 2110 et
1177 2075 1357 2110 Johannes
1384 2077 1419 2110 in
1446 2076 1663 2121 Apocalypsi
1692 2076 1867 2118 viderunt,
1894 2089 1960 2112 nec

326 2146 389 2180 per
414 2135 535 2179 aliqua
560 2146 706 2179 prorsus
733 2135 949 2178 aenigmata,
979 2135 1039 2169 sed
1068 2147 1129 2180 per
1155 2135 1320 2180 speciem,
1358 2137 1529 2179 quantum
1558 2135 1734 2170 humanae
1760 2137 1870 2171 menti
1898 2149 1961 2181 per

325 2194 479 2238 gratiam
514 2195 629 2228 datur.
683 2195 779 2229 Haec
812 2194 903 2229 vidit
934 2195 1090 2240 Moyses,
1131 2195 1189 2239 qui
1230 2195 1298 2229 iarn
1327 2195 1569 2239 corporalibus
1594 2195 1717 2229 multis
1751 2197 1961 2241 assumptio-

324 2253 429 2287 nibus
455 2255 491 2287 et
516 2254 644 2298 spiritu
671 2254 924 2298 praefiguratis
949 2254 1244 2288 similitudinibus
1269 2256 1439 2299 tanquam
1467 2254 1559 2288 facie
1586 2255 1629 2288 ad
1656 2255 1783 2289 faciem
1807 2255 1958 2296 viderat,

325 2312 447 2346 videre
468 2312 578 2347 Deum
607 2313 712 2357 petiit
741 2313 878 2347 dicens:
919 2315 1066 2347 Ostende
1092 2315 1180 2346 mim*
1207 2316 1354 2357 teipsum
1388 2313 1465 2355 (Ex.
1487 2313 1543 2354 33,
1562 2313 1629 2355 13),
1650 2314 1716 2348 hoc
1737 2316 1801 2354 est,
1824 2314 1858 2348 in
1879 2315 1960 2349 sub-

324 2372 471 2413 stantia,
504 2372 597 2406 sicut
630 2384 677 2408 es.
730 2372 785 2406 Ad
812 2373 918 2406 istam
953 2372 1187 2407 clarissimam
1220 2373 1395 2406 visionem
1421 2375 1561 2416 raptum
1589 2384 1628 2407 se
1655 2373 1740 2407 dicit
1768 2374 1960 2419 Apostolus

325 2430 463 2466 dicens:
490 2430 569 2464 Scio
595 2433 661 2467 etc.
726 2431 763 2464 In
791 2431 896 2466 huius
923 2431 1245 2466 excellentissimae
1273 2431 1423 2465 visionis
1450 2431 1697 2474 designatione
1723 2432 1758 2466 in
1786 2445 1827 2467 ea
1853 2445 1959 2478 quam

324 2489 572 2533 proposuimus
599 2489 788 2533 (dignitate
815 2491 874 2525 vel
899 2493 982 2525 add.
1010 2504 1031 2524 α
1056 2503 1166 2524 mame
1198 2491 1339 2531 recenti)
1373 2491 1587 2525 auctorilate
1619 2491 1757 2525 caelum
1790 2493 1958 2536 aperitur.

325 2548 470 2582 Caelum
496 2560 650 2593 namque
677 2549 864 2588 clauditur,
892 2562 971 2584 cum
998 2549 1177 2594 aliquibus
1203 2551 1422 2583 secretorum
1449 2550 1656 2584 caelestium
1677 2551 1816 2585 visione
1842 2551 1957 2586 occul-

324 2609 431 2647 tatur,
459 2619 523 2642 nec
549 2608 642 2652 pluit
668 2620 779 2643 annos
805 2611 880 2643 tres
907 2612 943 2643 et
968 2621 1110 2643 menses
1135 2620 1210 2649 seX‚
1239 2620 1317 2642 cum
1345 2609 1503 2653 peccatis
1530 2610 1758 2652 exigentibus
1783 2611 1958 2645 trinitatis

324 2667 499 2711 mysteria
517 2670 553 2701 et
573 2679 679 2712 opera
699 2668 965 2703 misericordiae
985 2668 1142 2702 eiusdem
1164 2680 1231 2702 non
1260 2668 1455 2711 irrigantur
1475 2679 1538 2702 nec
1565 2668 1810 2710 infunduntur,
1838 2670 1959 2714 sicque

325 2726 365 2759 fit
392 2726 507 2760 fames
533 2730 569 2760 et
595 2727 743 2771 penuria
769 2739 838 2761 non
864 2727 968 2772 panis
994 2729 1030 2761 et
1056 2739 1179 2771 aquae,
1222 2727 1284 2761 sed
1312 2727 1410 2761 verbi
1438 2727 1501 2761 Dei
1529 2739 1635 2772 super
1660 2730 1804 2770 terram,
1832 2728 1867 2762 id
1892 2731 1958 2768 est,

324 2796 431 2829 super
456 2785 536 2820 illos
562 2786 622 2830 qui
647 2788 744 2820 terra
771 2788 854 2820 sunt
880 2788 916 2820 et
941 2787 1094 2820 terrenis
1114 2786 1332 2827 incumbunt,
1361 2787 1560 2820 existentes
1584 2787 1661 2821 sine
1688 2799 1766 2821 rore
1793 2789 1828 2821 et
1848 2787 1959 2821 imbre

323 2844 532 2878 caelestium
554 2845 730 2879 visionum
752 2847 787 2879 et
812 2845 1053 2889 spiritualium
1085 2845 1267 2879 donorum.
1318 2844 1363 2879 Et
1382 2856 1494 2889 usque
1516 2845 1603 2879 adeo
1623 2846 1737 2879 fames
1758 2849 1793 2880 et
1812 2847 1960 2891 penuria

324 2903 539 2946 cognitionis
560 2904 702 2938 divinae
722 2904 922 2945 invalescit,
938 2910 977 2938 ut
996 2907 1170 2947 octoyinta
1190 2907 1367 2947 aryenteis
1381 2910 1486 2947 caput
1507 2907 1630 2938 asinae
1645 2911 1792 2939 ematm:
1827 2906 1960 2940 Asinus

323 2973 408 2995 vero
429 2962 578 2996 stultum
600 2965 637 2997 et
657 2963 798 2997 brutum
820 2962 951 2997 animal
972 2964 1037 2997 est.
1077 2963 1146 2996 Per
1167 2963 1305 2996 asinum
1328 2975 1412 3006 ergo
1433 2963 1547 2996 omnis
1568 2963 1718 2997 fatuitas
1738 2964 1957 3007 designatur,

323 3021 425 3055 cuius
446 3024 552 3066 caput
573 3025 628 3056 est
649 3022 824 3067 superbia.
875 3022 1049 3067 Superbia
1076 3022 1169 3055 onim
1190 3024 1246 3056 est
1266 3024 1374 3066 caput
1393 3022 1507 3056 omnis
1524 3022 1706 3057 fatuitatis
1726 3024 1762 3056 et
1782 3023 1958 3057 stultitiae

324 3081 431 3124 atque
459 3080 560 3114 radix
589 3081 745 3115 omnium
772 3080 955 3115 malorum.
1008 3080 1109 3114 Unde
1134 3080 1337 3124 legitur...
1364 3092 1395 3125 p.
1424 3080 1465 3114 4*
1492 3092 1524 3115 V.
1552 3082 1582 3116 5.
