2106 3453
482 238 673 279 Tractatus
701 241 759 279 VI.
812 241 863 279 De
890 242 1079 280 divinitate
1106 248 1142 280 et
1166 243 1353 281 Trinitate.
1644 245 1734 283 157*

104 345 309 399 quidam
344 348 545 390 dicuntl
578 349 772 390 nolentes
805 350 1053 400 concedere,
1094 351 1234 403 ipsum
1267 364 1343 404 per
1376 352 1604 393 essentiam
1642 367 1733 394 esse

103 423 143 463 in
178 423 350 464 sordido
385 425 478 465 1000
512 425 575 466 vel
610 426 649 466 in
686 427 919 478 marsupio.
983 427 1068 468 Sed
1103 427 1387 469 essentialiter
1419 428 1459 469 in
1494 430 1610 470 omni
1641 430 1732 471 loco

103 502 179 550 est,
215 502 261 540 ut
293 501 394 541 dicit
426 503 763 552 Augustinus:
806 503 934 552 ,Infra
968 504 1112 544 omnia
1147 507 1226 554 est,
1258 517 1343 544 non
1378 504 1578 555 inclusus,
1613 509 1733 547 extra

102 576 247 616 onmia
275 590 360 617 non
389 577 600 618 exclusus‘
636 581 713 620 etc.
770 579 820 619 Et
852 579 994 620 alibi:
1035 580 1202 621 Caelemz
1235 584 1271 620 et
1303 585 1457 621 tei-rma
1489 595 1557 635 esso
1588 583 1733 636 impleo

102 652 206 705 (λεν.
240 652 416 706 23,24).
480 653 531 694 Εῖ
563 654 842 706 Propheta:
890 654 937 695 δι’
969 656 1185 695 ascendero
1220 657 1263 696 ιή
1295 658 1462 705 meliana,
1503 662 1547 697 ΐιι
1581 658 1662 698 illic
1693 672 1732 698 (23
1752 671 1768 695 5

100 733 169 768 esc.
215 728 512 783 (Ps.133,e)
575 731 625 771 Εῖ
670 731 710 771 in
752 731 1044 776 Salomone:
1093 734 1274 786 Attmtqit
1318 748 1342 773 a
1384 734 1466 786 sine
1511 748 1634 789 usque
1678 736 1733 775 ad

97 804 219 857 finem
248 805 416 858 fortiter
448 811 516 847 etc.
552 807 672 860 (Sap.
707 807 821 861 8,1).
887 808 992 849 Item
1037 821 1131 850 cum
1177 809 1290 850 idem
1332 810 1386 850 sit
1427 810 1516 852 Deo
1557 825 1650 852 esse
1691 814 1732 853 et

99 884 321 933 potentem
356 895 460 933 esse,
495 883 527 922 si
562 883 715 924 alicubi
752 897 828 936 per
859 885 1113 936 potentiam,
1149 897 1248 936 ergo
1281 899 1358 938 per
1390 887 1634 928 essentiam.

240 957 335 998 Sed
369 958 574 999 videtur
605 960 837 1015 probari,
881 961 1012 1013 quod
1056 961 1164 1013 ipse
1198 962 1262 1002 sit
1303 963 1586 1013 mutabilis,
1629 964 1730 1016 quia

98 1035 158 1073 est
194 1032 334 1083 hodie,
370 1034 443 1074 ubi
476 1034 566 1075 heri
599 1047 685 1075 non
720 1037 809 1076 erat
833 1038 865 1084 2;
900 1035 1029 1077 hodie
1061 1036 1221 1077 creavit
1254 1050 1411 1078 novam
1447 1038 1651 1088 animam,
1686 1039 1727 1080 in

97 1122 182 1161 qua
230 1110 360 1150 modo
407 1113 484 1151 est.
549 1110 634 1151 Sed
681 1111 769 1152 heri
816 1111 856 1151 in
903 1112 994 1164 ipsa
1041 1125 1126 1152 non
1174 1115 1278 1154 erat.
1344 1114 1452 1164 Ergo
1497 1115 1727 1157 variabilis.

96 1184 314 1234 Quidam
344 1186 402 1227 ita
424 1186 731 1228 determinant:
762 1187 829 1227 Ab
857 1189 1033 1228 aeterno
1055 1188 1145 1240 ipse
1168 1188 1256 1238 fuit,
1285 1192 1519 1241 antequam
1541 1191 1729 1231 mundus

95 1265 221 1312 esset,
256 1262 332 1302 fuit
365 1262 437 1303 ubi
465 1257 652 1304 mundus
686 1266 762 1313 est,
798 1266 839 1304 et
868 1264 1053 1305 mundus
1086 1264 1243 1317 incepit
1272 1279 1377 1314 esse,
1406 1267 1477 1306 ubi
1506 1268 1596 1319 ipse
1622 1270 1727 1309 erat.

94 1338 158 1380 Ita
194 1340 235 1379 et
268 1339 320 1379 de
347 1339 507 1389 anima,
541 1353 671 1392 quam
700 1340 861 1381 creavit
889 1340 1029 1391 hodie,
1057 1354 1287 1393 possumus
1314 1342 1472 1384 dicere:
1510 1343 1569 1383 Ibi
1596 1344 1726 1384 modo

95 1417 159 1454 est
191 1414 349 1465 anima,
384 1415 457 1455 ubi
489 1415 607 1467 prius
640 1416 753 1456 Deus
788 1419 892 1465 erat,
928 1419 968 1457 et
1002 1418 1115 1458 Deus
1149 1417 1188 1457 in
1223 1418 1317 1469 ipsa
1351 1421 1427 1468 est,
1462 1432 1546 1459 non
1581 1422 1726 1461 tamen

93 1490 312 1531 variabilis
346 1493 423 1532 est.
490 1491 626 1532 Veluti
669 1492 702 1531 si
743 1492 896 1544 aliquis
941 1495 1053 1533 esset
1097 1493 1139 1533 in
1185 1505 1288 1544 agro
1334 1497 1376 1535 et
1419 1495 1562 1535 subito
1608 1496 1729 1537 fieret

92 1567 248 1607 domus
281 1580 410 1619 super
436 1580 548 1617 eum,
583 1567 673 1620 ipse
701 1570 813 1608 esset
839 1569 881 1608 in
909 1568 1053 1619 domo,
1088 1582 1172 1609 non
1200 1572 1347 1610 tamen
1375 1570 1417 1610 in
1445 1571 1590 1624 aliquo
1618 1572 1726 1624 loco,

93 1642 164 1682 ubi
198 1643 315 1695 prius
349 1656 435 1684 non
470 1644 559 1684 fuit.
624 1644 731 1684 Item
770 1644 805 1684 si
839 1645 974 1686 nubes
1008 1648 1301 1697 opponeretur
1327 1647 1448 1688 radio
1485 1648 1599 1698 solis,
1633 1648 1726 1689 illu-

92 1719 332 1760 minaretur
377 1733 401 1760 a
447 1720 549 1761 sole.
623 1720 724 1760 Alii
769 1721 966 1762 absolute
1012 1722 1267 1773 concedunt,
1315 1724 1449 1764 Deum
1497 1724 1536 1764 in
1584 1725 1727 1765 inultis

91 1794 192 1836 locis
225 1808 317 1836 esse
351 1795 499 1845 hodie,
535 1796 576 1835 in
605 1796 761 1848 quibus
795 1797 893 1837 olim
927 1810 1013 1837 non
1043 1797 1132 1847 fuit,
1167 1800 1208 1838 et
1235 1812 1320 1839 non
1355 1799 1517 1840 habent
1550 1813 1627 1852 pro
1662 1801 1761 1841 in-2

91 1871 359 1912 convenienti
394 1874 436 1912 et
468 1885 554 1912 non
583 1872 795 1924 sequitur:
830 1873 940 1924 Ergo
970 1874 1186 1914 mutabilis
1215 1877 1292 1925 est,
1321 1875 1421 1927 quia
1450 1875 1555 1917 haec
1582 1879 1725 1918 muta-

91 1947 230 1988 bilitas
264 1960 350 1988 non
384 1948 486 1998 Deo,
521 1949 596 1989 sed
630 1948 689 1989 rei
723 1949 993 1990 adscribitur.
1168 2008 1172 2009 ⁷

233 2023 355 2064 Item
383 2024 670 2076 quaeritur,
699 2038 810 2066 cum
839 2025 972 2066 Deus
999 2026 1190 2078 ubique
1217 2026 1301 2076 sit,
1331 2027 1370 2067 si
1398 2027 1445 2067 in
1473 2028 1583 2069 loco
1611 2029 1676 2069 sit
1695 2031 1722 2070 3.

90 2099 157 2139 Ad
190 2099 271 2141 hoc
304 2100 551 2151 videndum,
585 2101 805 2143 sciendum
842 2105 917 2152 est,
953 2102 1068 2155 quod
1104 2103 1308 2156 quiddam
1344 2104 1403 2145 ita
1436 2108 1499 2145 est
1540 2105 1580 2145 in
1614 2106 1721 2156 loco,

87 2176 203 2228 quod
236 2177 371 2218 locale
405 2180 446 2218 et
478 2177 684 2228 localiter,
726 2179 843 2231 quod
876 2179 1005 2220 etiam
1040 2180 1246 2232 quiddam
1283 2182 1345 2221 est
1380 2181 1419 2221 in
1456 2181 1562 2230 1000,
1606 2183 1721 2234 quod

88 2251 223 2293 locale
257 2255 299 2293 et
332 2266 417 2293 non
447 2253 650 2304 localiter,
679 2254 884 2307 quiddam
915 2268 1016 2296 vero
1046 2256 1105 2297 ita
1133 2259 1197 2297 est
1224 2257 1264 2296 in
1295 2256 1403 2307 loco,
1438 2258 1554 2309 quod
1582 2271 1723 2311 neque

86 2328 220 2369 locale
254 2342 393 2381 neque
421 2329 625 2371 localiter.
689 2330 936 2383 Corporalis
958 2345 1025 2372 res
1053 2332 1192 2372 omnis
1226 2332 1283 2373 ita
1311 2336 1374 2372 est
1404 2333 1444 2373 in
1469 2334 1576 2384 loco,
1605 2336 1721 2387 quod

86 2403 231 2445 localis
264 2407 306 2446 et
338 2405 550 2455 localiter;
584 2406 744 2458 localis,
773 2407 874 2460 quia
901 2408 1227 2460 interpositione
1253 2409 1316 2449 sui
1345 2409 1443 2450 facit
1470 2409 1719 2452 distantiam

230 2533 250 2566 6
273 2539 354 2576 post.
380 2533 566 2568 Salomone
593 2536 676 2567 aad.
699 2535 732 2567 B
758 2535 828 2578 qui.
973 2536 993 2568 ὃ
1016 2541 1097 2578 post
1124 2535 1255 2569 alicubi
1281 2537 1365 2571 aad.
1395 2537 1425 2569 R
1451 2536 1485 2569 in
1513 2536 1605 2569 omni
1633 2536 1720 2571 loco.

88 2591 130 2626 12
154 2598 234 2635 post
260 2592 338 2636 ipse
365 2595 449 2627 add.
466 2595 497 2627 B
522 2605 645 2638 usque.
747 2595 789 2628 13
811 2596 867 2628 est
885 2596 926 2628 Β.
1029 2596 1070 2628 17
1099 2595 1167 2628 alio
1188 2595 1274 2629 loco.
1296 2595 1386 2628 Item
1410 2597 1449 2628 B.
1561 2596 1606 2629 24
1624 2596 1721 2640 quid-

86 2651 165 2685 dam
193 2655 248 2686 θεῖ
284 2652 318 2686 in
354 2652 439 2693 1000,
480 2653 573 2696 quod
599 2652 711 2687 locale
739 2655 774 2687 et
800 2665 868 2687 non
893 2653 1065 2695 localiter,
1105 2654 1272 2698 quiddam
1302 2666 1385 2687 vero
1412 2656 1468 2688 est
1494 2655 1545 2688 ita
1572 2655 1605 2688 in
1632 2655 1718 2695 1000,

86 2703 178 2754 quod
206 2710 317 2744 locale
344 2713 380 2745 et
405 2723 473 2745 non
500 2711 671 2753 localiter,
701 2712 867 2756 quiddam
895 2724 979 2746 vero
1006 2713 1056 2746 ita
1083 2715 1138 2747 est
1165 2713 1199 2746 in
1225 2713 1313 2753 loco,
1350 2713 1441 2756 quod
1468 2725 1582 2757 neque
1608 2715 1719 2748 locale

85 2781 199 2814 neque
219 2770 380 2805 localiter
402 2774 444 2805 A.
541 2771 586 2805 28
612 2771 737 2806 localis
764 2772 860 2816 quia]
888 2772 1051 2806 localiter
1072 2775 1113 2806 A.

228 2879 237 2896 ¹
265 2879 364 2913 Haec
389 2881 569 2915 sententia
597 2880 851 2915 Abaelardo
879 2881 1109 2921 adscribitur;
1143 2882 1188 2916 cf.
1217 2881 1403 2925 epistolam
1432 2881 1634 2916 Gualteri
1663 2884 1683 2917 d
1700 2896 1717 2917 e

84 2939 354 2975 Mauritania
390 2940 433 2973 ad
475 2940 791 2982 Abaelardum,
829 2940 1070 2985 D'Achery‚
1110 2943 1339 2985 Spiafleffl'nm
1364 2942 1405 2981 11,
1440 2942 1526 2984 467;
1555 2943 1617 2976 SS.
1645 2945 1668 2983 l,
1694 2943 1717 2976 4

85 2997 142 3040 (48
163 2997 219 3038 G);
247 2998 368 3033 Lomb.
395 3000 489 3033 Sem.
515 3000 537 3034 1.
564 3000 590 3035 I.
619 3000 649 3034 d.
677 3001 734 3036 37.
760 3012 788 3034 0.
815 3002 848 3037 4.

226 3057 239 3074 ‘³
265 3060 326 3092 SS.
353 3058 391 3092 L.
419 3070 447 3093 0.
475 3070 508 3103 p.
534 3059 580 3093 49
597 3059 642 3100 B;
671 3059 812 3095 Lomb.
840 3061 934 3094 Sem.
962 3059 985 3096 l.
1011 3060 1036 3095 1.
1065 3059 1098 3094 d.
1125 3060 1181 3093 37.
1209 3071 1237 3094 c.
1265 3059 1297 3094 9.

227 3115 239 3134 ³
265 3119 327 3150 SS.
354 3117 380 3158 l,
402 3118 421 3151 5
451 3118 508 3159 (50
524 3118 582 3158 B);
609 3118 749 3153 Lomb.
777 3120 871 3154 Sent.
897 3118 919 3152 l.
947 3119 972 3154 1.
1001 3118 1031 3152 d.
1060 3119 1116 3154 37.
1144 3130 1172 3152 c.
1201 3119 1231 3159 6,
1263 3119 1291 3152 7.

1751 1049 1785 1074 10

1750 1434 1781 1458 15

1743 2196 1777 2221 25
