2106 3453
515 245 705 279 Tractatus
731 245 790 279 IV.
841 244 894 278 De
920 247 1143 279 sacramento
1169 244 1435 279 incarnationis.
1721 244 1789 279 73*

160 362 291 401 supra
323 349 501 390 modum
534 348 723 401 suscepit
755 348 950 389 Christus
985 348 1113 389 homo
1155 347 1392 389 secundum
1436 348 1558 389 illud:
1605 348 1660 388 Et
1701 351 1790 388 erat

159 426 345 465 subditus
378 425 473 474 illis,
507 425 695 466 maxime
726 425 883 478 Joseph
918 427 960 466 et
992 425 1142 466 ceteris
1174 425 1426 477 parentibus
1452 425 1573 477 (Lem.
1601 429 1641 477 2,
1670 425 1759 477 51).

303 503 342 543 3.
389 502 455 542 De
487 501 647 542 Adam
682 503 834 543 natus
867 503 941 542 est
974 501 1228 551 Christus,
1257 503 1304 542 ut
1331 501 1457 553 quasi
1484 501 1595 541 filius
1621 504 1789 554 patrem

162 577 396 619 vindicaret
442 579 483 618 et
526 577 809 619 hereditatem
856 580 1144 630 recuperaret.
1217 577 1328 618 Nam
1376 579 1416 618 et
1461 577 1551 618 iure
1593 575 1790 619 Caesaris

160 656 334 694 cautum
369 656 446 703 est,
480 656 527 694 ut
559 653 593 693 si
626 653 840 694 voluerint
872 653 944 694 filii
977 653 1261 694 hereditatem
1294 653 1429 705 patris
1466 653 1672 702 obtinere,
1716 667 1790 694 ne-

159 742 251 770 cem
286 729 421 782 patris
468 729 656 770 debeant
688 729 920 780 vindicare,
964 729 1154 782 alioquin
1204 729 1258 770 ab
1293 728 1532 771 hereditate
1573 732 1675 770 sunt
1718 743 1787 770 ex-

157 805 357 857 pellendi.
441 805 497 845 Ut
537 817 636 856 ergo
676 805 748 846 filii
790 805 912 846 Adae
951 819 976 847 a
1016 805 1190 847 diabolo
1232 805 1359 846 occisi
1402 805 1532 855 bona,
1579 805 1633 847 ad
1678 818 1790 858 quae

158 880 248 933 ipse
283 881 480 922 conditus
513 884 591 931 est,
626 881 882 931 obtinerent,
926 881 1037 922 filius
1071 871 1192 922 Adae
1232 894 1380 922 necem
1415 881 1504 922 eius
1537 881 1682 922 ulcisci
1715 881 1786 922 de-

157 956 261 1006 buit,
295 958 342 997 ut
375 956 503 997 ceteri
536 955 610 996 filii
645 956 767 1013 Adae
800 958 982 1008 paterna
1016 956 1256 998 hereditate
1289 970 1376 997 non
1409 956 1696 1009 privarentur.

299 1033 338 1073 4.
381 1032 564 1083 ‚Quare
590 1032 649 1073 de
682 1032 872 1074 femina
913 1033 1025 1074 sola
1071 1045 1272 1074 carnem
1313 1045 1580 1074 assumere
1613 1033 1789 1075 voluit.

156 1107 294 1148 Huius
326 1107 385 1149 rei
414 1121 558 1158 causa,
593 1111 639 1148 ut
665 1121 742 1161 per
769 1108 990 1150 mulierem
1019 1108 1133 1150 vitae
1161 1112 1203 1150 et
1229 1109 1496 1150 liberationis
1524 1109 1654 1150 ianua
1681 1123 1789 1162 pan-

155 1183 343 1234 deretur,
379 1197 491 1236 quae
524 1184 669 1225 clausa
704 1183 843 1226 fuerat
874 1197 952 1237 per
984 1185 1222 1226 mulierem.

296 1260 446 1301 Potest
479 1263 521 1301 et
553 1260 669 1302 aliud
703 1273 789 1302 non
823 1260 1030 1302 inutiliter
1062 1261 1156 1303 dici.
1222 1261 1425 1302 Humana
1468 1261 1629 1314 quippe
1661 1275 1790 1313 gene-

154 1336 264 1378 ratio
297 1339 373 1377 aut
406 1337 458 1377 de
491 1337 582 1377 viro
615 1336 707 1378 solo
741 1339 816 1379 aut
849 1337 902 1378 de
934 1337 1025 1378 viro
1059 1337 1220 1389 pariter
1245 1339 1288 1378 et
1316 1338 1494 1379 muliere
1521 1340 1597 1378 aut
1618 1340 1786 1380 tantum

155 1412 208 1453 de
240 1412 417 1454 muliere
450 1413 540 1454 fieri
584 1413 725 1455 debet.
789 1413 909 1455 Duae
951 1413 1004 1455 de
1045 1413 1111 1454 his
1152 1413 1452 1465 generationes
1494 1413 1580 1455 iam
1624 1413 1786 1454 dudum

154 1491 491 1541 praecesserant.
556 1488 668 1530 Nam
702 1489 755 1530 de
787 1489 878 1529 viro
912 1489 1003 1530 solo
1047 1489 1303 1542 propagatio
1346 1489 1388 1530 in
1430 1489 1609 1530 muliere
1649 1489 1788 1543 prima

154 1565 378 1618 reperitur,
405 1559 536 1617 ‘quae
581 1564 633 1606 de
679 1567 797 1607 costa
848 1565 923 1605 viri
969 1564 1034 1606 sui
1080 1565 1271 1618 corporis
1316 1566 1503 1619 suscepit
1548 1566 1787 1607 exordium.

154 1641 288 1682 Porro
323 1641 376 1682 de
410 1641 508 1696 viro
537 1643 578 1682 et
610 1641 769 1682 femina
795 1641 1016 1693 generatio
1044 1634 1244 1694 frequens
1272 1644 1347 1682 est.
1413 1642 1473 1683 De
1500 1642 1659 1683 semina
1687 1655 1788 1682 vero

154 1717 244 1758 sola
286 1729 510 1769 nunquam
554 1719 618 1758 est
651 1717 845 1758 auditum
880 1717 971 1758 fieri
1003 1718 1341 1769 generationem.
1406 1717 1577 1759 Novam
1611 1731 1713 1759 vero
1739 1713 1789 1759 ‘et

153 1793 390 1835 inauditam
426 1793 745 1844 generationem
787 1793 867 1834 sibi
905 1793 981 1834 soli
1023 1793 1208 1836 retinere
1249 1794 1410 1855 debuit,
1453 1794 1525 1846 qui
1567 1797 1613 1835 ut
1654 1794 1785 1836 homo

152 1882 290 1910 novus
323 1882 482 1910 novum
515 1869 720 1920 gaudium
757 1870 918 1910 mundo
951 1870 1228 1911 nuntiaturus
1262 1870 1437 1911 advenit
1456 1872 1482 1912 1.

294 1947 334 1987 5.
368 1946 458 1986 His
486 1946 720 1987 decursis
748 1946 796 1987 in
826 1946 1008 1987 ultimo
1036 1947 1150 1988 loco
1184 1946 1463 1988 Videndum
1499 1949 1594 1997 est,
1629 1960 1787 1999 quare

151 2018 218 2063 de
253 2022 454 2074 virgine
486 2022 659 2074 potius
693 2035 843 2075 quam
877 2023 936 2063 de
963 2022 1066 2064 alia
1093 2023 1306 2064 muliere
1334 2023 1473 2064 nasci
1501 2022 1784 2064 constituit.

153 2099 248 2148 Qua
290 2098 332 2139 in
371 2111 416 2138 re
456 2098 559 2138 illud
598 2098 839 2140 docendum
882 2101 958 2149 est,
1005 2099 1106 2151 quia
1151 2101 1299 2140 uterus
1348 2099 1563 2150 virginalis
1608 2101 1786 2151 propter

150 2187 272 2215 suam
315 2173 604 2225 integritatem
648 2174 981 2227 incorruptionis
1023 2188 1098 2216 vas
1138 2177 1181 2216 et
1222 2175 1569 2227 susceptaculum
1609 2175 1819 2216 deitatis-2

152 2250 457 2292 convenienter
488 2249 580 2290 fieri
612 2249 773 2292 debuit.
838 2251 1069 2303 Virginitas
1103 2251 1216 2293 enim
1255 2251 1411 2293 unitati
1450 2248 1648 2305 proxima
1692 2251 1787 2292 uni-

293 2398 313 2431 2
340 2398 508 2441 maxime]
535 2399 673 2433 scilicet
699 2402 735 2433 et
764 2401 804 2433 Β.
946 2400 964 2433 7
990 2399 1043 2444 ut]
1070 2399 1130 2433 ubi
1157 2401 1200 2433 B.
1338 2400 1375 2433 11
1400 2405 1481 2443 post
1514 2401 1554 2433 ut
1579 2401 1662 2433 add.
1692 2401 1723 2433 B
1752 2402 1785 2432 in

152 2470 262 2501 nuci-9.
302 2457 386 2501 quia
421 2469 484 2502 per
518 2458 700 2492 mulierem
738 2459 866 2492 vitium
900 2458 1027 2493 mortis
1067 2461 1103 2492 et
1141 2458 1380 2493 damnationis
1415 2460 1619 2492 accesserat
1656 2462 1786 2493 0771.A.

154 2516 195 2550 12
222 2527 311 2560 quae
338 2516 481 2551 clausa.
499 2546 505 2553 .
523 2545 528 2552 .
546 2529 608 2562 per
634 2517 817 2552 mulierem
840 2521 871 2552 A
899 2521 937 2552 in
962 2530 1073 2561 nimy.
1091 2530 1154 2555 oni.
1172 2520 1211 2552 Β,
1302 2518 1441 2556 13—14
1468 2518 1652 2561 generatio
1668 2520 1784 2552 am.B.

154 2577 194 2610 15
222 2575 374 2610 debebat
401 2578 441 2610 B.
543 2576 583 2610 18
610 2576 678 2621 est]
705 2580 782 2611 erat
809 2579 850 2613 B.
949 2577 993 2610 22
1021 2579 1076 2611 est
1102 2589 1167 2611 om.
1188 2579 1231 2612 Β.

295 2700 305 2718 ¹
331 2700 562 2735 Gilbertus
589 2701 625 2737 L.
648 2713 676 2737 c.
698 2714 731 2747 p.
756 2702 902 2736 1394D:
933 2702 1105 2744 Quoniam
1126 2704 1246 2736 tamen
1268 2702 1389 2736 divina
1410 2702 1642 2746 dispositione
1672 2703 1785 2736 omnis

150 2760 305 2794 humana
343 2772 424 2794 caro
461 2760 502 2794 fit
537 2763 598 2794 aut
633 2773 677 2794 ex
712 2773 810 2795 mare
849 2764 885 2795 et
911 2762 1044 2796 femina.
1069 2763 1132 2796 aut
1157 2773 1203 2794 ex
1230 2772 1327 2795 mare
1355 2761 1430 2795 sine
1457 2762 1590 2795 femina
1622 2763 1683 2795 aut
1708 2762 1784 2795 sine

150 2831 248 2853 mare
275 2832 319 2853 ex
346 2819 479 2853 femina
506 2822 568 2854 aut
594 2820 670 2854 sine
698 2832 793 2854 mare
820 2823 855 2855 et
883 2821 1026 2861 femina,
1055 2821 1222 2865 oportuit,
1249 2822 1290 2855 ut
1311 2820 1475 2855 Christus
1502 2823 1565 2854 aut
1590 2833 1656 2854 non
1684 2821 1787 2854 fieret

151 2881 213 2913 aut
239 2879 356 2923 aliquo
384 2880 531 2913 istorum
560 2882 712 2923 quatuor
738 2880 920 2914 modorum
947 2880 1050 2914 fieret
1075 2892 1169 2915 caro.
1220 2880 1307 2914 Cum
1336 2882 1454 2914 auten]
1476 2880 1583 2914 trium
1603 2879 1785 2913 modorum

151 2938 315 2982 exempla
343 2938 421 2983 ipsa
447 2938 610 2972 faciente
635 2939 703 2973 iam
731 2939 1014 2983 praecessissent
1042 2958 1083 2962 —
1125 2939 1239 2973 Adam
1266 2952 1379 2984 neque
1407 2951 1450 2972 ex
1478 2950 1574 2972 mare
1600 2950 1714 2982 neque
1741 2950 1785 2972 ex

152 2997 294 3038 femina,
322 2997 385 3031 sed
420 3009 463 3031 ex
491 2999 613 3031 terrae
634 2998 718 3032 limo
745 2998 998 3042 plasmaverat,
1031 2998 1144 3031 Evam
1171 3010 1256 3032 vero
1283 3010 1326 3031 ex
1354 3009 1451 3032 mare
1477 2998 1553 3031 sine
1581 2998 1714 3031 femina
1741 3010 1784 3031 ex

150 3057 250 3090 costa
278 3056 384 3097 Adae,
412 3059 551 3091 ceteros
585 3059 704 3091 autem
740 3069 968 3101 quoscunque
1005 3069 1050 3090 ex
1089 3069 1185 3091 mare
1213 3059 1248 3091 et
1275 3057 1408 3091 femina
1436 3077 1478 3080 -
1520 3058 1697 3101 quartum,
1725 3057 1784 3101 qui

150 3114 312 3148 restabat
339 3114 372 3148 in
400 3126 437 3148 se
465 3115 541 3159 ipso
568 3115 644 3149 sine
673 3127 768 3149 mare
796 3128 839 3148 ex
867 3115 999 3149 femina
1026 3127 1107 3149 caro
1135 3115 1252 3149 factus
1280 3115 1446 3149 ostendit.

1814 1048 1845 1073 10

1812 1428 1844 1453 15

1808 1807 1841 1831 20
