2106 3453
528 250 720 286 ΤΙ-30131115
745 249 806 286 lv.
858 248 909 284 De
935 252 1158 285 sacramento
1186 248 1451 287 incarnationis,
1740 246 1809 284 67*

173 355 442 405 invisibilem,
478 355 679 407 respiciat
712 354 1001 403 divinitateim
1042 367 1138 396 cum
1172 367 1274 394 vero
1308 356 1542 401 mortuum,
1577 353 1810 406 sepultum,

175 431 438 484 passibilem,
472 431 769 481 resurrexisse,
804 432 1064 482 ascendisse,
1096 430 1293 472 attendat
1326 430 1658 480 humanitatem,
1692 429 1812 470 iuxta

173 507 276 548 illud
311 507 589 558 Augustini
622 507 852 548 dicentis1:
899 507 1018 555 ‚Cum
1055 506 1273 559 loquimur
1305 507 1357 547 de
1390 506 1575 555 Christo,
1610 506 1712 558 quid
1747 505 1811 545 di-

172 587 294 625 catur
338 586 379 624 et
422 583 662 624 secundum
705 583 836 636 quid‘.
901 583 1002 624 Sine
1044 595 1144 634 ergo
1187 582 1307 624 omni
1344 582 1481 633 figura
1515 595 1639 622 verus
1683 581 1811 622 Filius

175 659 247 701 Dei
282 662 345 701 est
385 660 529 709 homo,
574 659 615 699 id
660 662 738 710 est,
781 659 1026 701 substantia
1069 659 1275 709 animata,
1318 658 1544 707 sensibilis,
1588 658 1848 700 rationalis5

172 739 266 785 etc.,
302 748 469 788 corpus.
491 738 697 777 constans
732 749 779 776 ex
813 736 1023 788 partibus,
1063 736 1303 785 crucifixus,
1347 737 1558 783 mortuus,
1602 734 1810 786 sepultus,

172 814 388 862 aeternus,
425 811 596 864 ubique,
635 811 922 864 omnipotens,
957 813 1126 852 creator
1158 813 1199 853 et
1232 811 1400 852 similia.

316 887 421 929 Ecce
461 890 655 940 apparet,
699 887 792 940 quis
826 888 1073 940 assumpsit,
1116 887 1274 928 scilicet
1309 887 1437 927 Filius
1470 887 1559 936 Dei,
1606 886 1708 938 quid
1742 899 1811 927 as-

171 966 406 1015 sumptum,
448 963 607 1004 scilicet
644 964 789 1005 anima
836 965 877 1003 et
921 976 1019 1004 caro
1055 963 1118 1004 vel
1153 963 1343 1004 humana
1376 966 1546 1012 natura,
1592 962 1658 1002 cui
1692 961 1811 1003 unita

171 1039 265 1089 fuit,
300 1052 386 1079 non
421 1039 525 1080 Filio
559 1039 649 1089 Dei,
696 1039 771 1080 secl
806 1039 916 1080 inter
948 1052 992 1079 se
1026 1039 1172 1080 anima
1205 1039 1322 1080 carni
1357 1041 1399 1080 et
1432 1052 1453 1079 e
1487 1051 1709 1087 converso,
1749 1037 1813 1077 di·
1835 1052 1866 1077 10

175 1115 327 1156 vinitas
362 1114 622 1156 humanitati
657 1116 699 1155 et
731 1128 753 1155 e
792 1127 1016 1164 converso,
1061 1115 1177 1166 quod
1221 1113 1291 1155 illa
1334 1114 1632 1166 assumptione
1675 1113 1811 1153 factus

174 1193 236 1231 est
270 1190 416 1240 homo,
451 1203 607 1242 corpus
640 1191 844 1231 constans
878 1203 928 1230 ex
960 1189 1170 1242 partibus.

314 1268 353 1308 5.
395 1266 446 1306 In
479 1266 663 1306 ultimo
696 1265 807 1307 loco
849 1267 1018 1306 restat
1056 1265 1249 1315 videre,
1293 1265 1334 1305 si
1377 1265 1506 1305 Deus
1550 1267 1598 1305 et
1639 1264 1810 1315 homo,

171 1342 221 1383 id
271 1346 346 1383 est
404 1342 491 1383 ille
536 1341 620 1394 qui
655 1345 730 1383 est
763 1342 919 1391 Deus,
961 1344 1013 1382 et
1063 1354 1143 1382 res
1194 1354 1325 1393 quae
1371 1342 1449 1381 est
1493 1340 1661 1390 homo,
1709 1340 1811 1380 sint

172 1420 355 1471 partes
382 1418 579 1460 Christi
607 1418 864 1460 Christum
894 1420 1304 1471 componentes&
1350 1417 1477 1467 Quod
1504 1417 1639 1457 voluit
1668 1416 1808 1458 dicere
1832 1436 1864 1460 15

173 1495 447 1536 Nestorius
489 1494 696 1546 deceptus
735 1494 1013 1535 similitudine
1052 1494 1122 1536 illa
1157 1493 1454 1535 Athanasii:
1502 1493 1620 1534 Sicut
1665 1493 1811 1534 anima

172 1571 398 1612 rationalis
433 1573 475 1611 et
507 1583 606 1612 caro
640 1584 751 1611 unus
792 1573 855 1612 est
893 1570 1038 1620 homo,
1081 1570 1140 1610 ita
1174 1570 1288 1610 Deus
1331 1572 1371 1611 et
1416 1569 1547 1610 homo
1592 1582 1702 1610 unus
1748 1572 1813 1609 est

175 1647 386 1699 Christus.
450 1647 638 1697 Putavit,
681 1647 797 1699 quod
834 1646 943 1687 sicut
976 1647 1107 1687 homo
1142 1646 1336 1687 redditur
1368 1659 1419 1686 ex
1452 1646 1598 1687 anima
1639 1648 1680 1686 et
1718 1659 1812 1686 cor-

173 1736 278 1776 pore
313 1726 354 1764 et
387 1726 487 1764 sunt
520 1726 667 1775 partes
701 1723 1006 1764 constitutivae
1040 1723 1225 1764 hominis
1268 1722 1413 1764 anima
1456 1724 1498 1762 et
1540 1735 1710 1774 corpus,
1753 1722 1812 1762 ita

174 1800 374 1841 Christus
408 1802 628 1841 constaret
664 1813 715 1840 ex
748 1799 854 1849 Deo,
896 1799 937 1839 id
973 1802 1037 1841 est
1069 1799 1225 1849 Verbo,
1260 1798 1387 1839 tertia
1420 1811 1607 1851 persona
1643 1798 1682 1838 in
1716 1798 1811 1838 Tri·
1831 1814 1866 1839 20

178 1876 328 1926 nitate,
366 1878 407 1917 et
438 1876 615 1917 homine
648 1878 888 1928 assumth
928 1877 1031 1917 nato
1069 1875 1122 1916 de
1154 1874 1329 1926 virgine,
1373 1876 1414 1916 et
1453 1874 1558 1915 haec
1597 1874 1682 1914 duo
1716 1874 1813 1914 red-

174 1953 325 1994 derent
348 1952 554 2005 quiddam
579 1952 867 2004 compositum
889 1955 931 1993 et
954 1952 1182 2003 integrum,
1205 1951 1362 1992 scilicet
1379 1950 1613 1991 Christum.
1654 1950 1813 2002 Sicque

174 2028 345 2070 dicebat
372 2027 661 2069 Nestorius.
727 2027 853 2077 Quod
882 2040 977 2068 cum
1007 2027 1250 2068 dicebatur:
1280 2026 1476 2068 Christus
1505 2029 1569 2066 est
1595 2028 1811 2075 aeternus,

175 2105 289 2145 Deus
325 2106 401 2154 est,
430 2104 685 2144 immortalis
712 2106 807 2153 etc.,
842 2103 1088 2144 huiusmodi
1115 2116 1194 2155 pro
1221 2105 1344 2155 parte
1372 2102 1648 2153 intelligenda
1675 2104 1811 2152 erant,

174 2180 216 2220 id
251 2183 327 2230 est,
361 2183 408 2221 ut
440 2180 494 2221 sit
526 2192 696 2221 sensus:
738 2180 942 2229 Verbum,
977 2179 1093 2231 quod
1127 2181 1191 2220 est
1224 2178 1265 2218 in
1298 2177 1607 2219 constitutione
1640 2177 1811 2228 Christi,
1833 2198 1866 2222 25

177 2258 242 2298 est
262 2257 388 2307 Deus,
424 2259 464 2297 et
497 2269 595 2297 cum
616 2256 856 2297 dicebatur:
891 2255 1086 2296 Christus
1119 2257 1183 2296 est
1215 2256 1426 2303 mortium,
1459 2253 1700 2304 crucifixus,
1734 2266 1811 2305 pro

175 2335 300 2385 parte
336 2332 696 2383 intelligebantur,
740 2332 781 2372 id
828 2334 891 2373 est
925 2332 964 2372 in
1000 2331 1174 2372 homine
1208 2333 1447 2383 assumpto,
1490 2330 1529 2370 id
1576 2332 1639 2370 est
1680 2329 1812 2370 h'omo

175 2410 424 2461 assumptus
462 2409 659 2449 mortuus
700 2410 776 2458 est,
810 2407 1038 2448 crucifixus
1075 2409 1156 2448 etc.
1222 2406 1377 2459 Sicque
1410 2406 1521 2446 inter
1551 2405 1735 2445 Verbum
1771 2407 1813 2446 et

175 2484 396 2525 hominem
445 2485 657 2536 tanquam
700 2483 870 2525 diversa
914 2483 979 2524 vel
1021 2482 1215 2523 diversos
1259 2482 1493 2522 dividebat.
1556 2481 1634 2521 Cui
1678 2480 1812 2521 errori

270 2600 292 2633 4
317 2611 403 2633 vera
429 2601 485 2633 est
509 2598 621 2633 Filius
646 2598 713 2632 Dei
740 2599 795 2631 est
820 2597 923 2631 homo
945 2599 986 2633 B.
1085 2597 1105 2630 9
1133 2596 1271 2630 scilicet
1292 2607 1355 2629 om.
1382 2598 1422 2630 Β.
1524 2595 1565 2628 10
1588 2600 1670 2637 post
1696 2607 1714 2628 e
1735 2606 1813 2628 con-

177 2670 280 2693 verso
306 2661 389 2693 add.
406 2661 438 2692 B
464 2660 509 2694 et.
611 2659 653 2692 13
679 2657 755 2691 loco
776 2669 840 2691 om.
868 2659 920 2691 W.
1023 2656 1063 2690 14
1091 2655 1174 2697 sint]
1197 2657 1281 2689 sunt
1297 2655 1337 2690 Β.
1440 2656 1479 2688 15
1509 2653 1657 2696 Christi]
1675 2653 1737 2687 Dei
1760 2656 1811 2688 W.

180 2718 221 2751 16
249 2717 311 2752 illa
348 2730 414 2754 om.
435 2720 486 2752 W.
585 2716 767 2751 Anastasii
790 2718 879 2750 ΑΒ.
982 2716 1021 2749 17
1050 2717 1105 2749 est
1138 2713 1256 2758 homo]
1293 2716 1348 2748 est
1380 2715 1503 2747 omli
1602 2713 1645 2747 25
1686 2713 1720 2746 id
1759 2718 1814 2746 est

178 2778 217 2810 ut
242 2777 291 2811 sit
316 2788 379 2812 om.
408 2779 451 2810 A.
550 2776 593 2810 27
620 2775 890 2819 intelligebatur
905 2776 947 2810 B.
1045 2774 1080 2808 in
1107 2786 1171 2808 om.
1200 2775 1240 2810 Β.

322 2878 330 2896 ¹
360 2879 543 2922 August.
581 2880 632 2912 De
661 2880 839 2912 Trinitute
864 2877 887 2912 l.
914 2878 940 2911 I.
968 2889 997 2912 0.
1027 2877 1079 2911 13.
1107 2888 1140 2911 n.
1167 2875 1211 2910 28
1241 2875 1320 2917 (PL.
1348 2875 1403 2916 42,
1427 2875 1527 2916 840):
1563 2874 1653 2916 Quid
1681 2876 1812 2915 tamen,

178 2940 323 2982 propter
355 2937 439 2982 quid
473 2939 508 2971 et
543 2937 627 2981 quid
662 2937 855 2971 secundum
895 2936 979 2981 quid
1014 2936 1163 2975 dicatur,
1202 2934 1395 2968 adiuvante
1422 2934 1571 2968 Domino
1597 2933 1753 2978 prudens
1778 2935 1814 2966 et:

180 2997 335 3040 diligens
362 2999 398 3031 et
423 2996 503 3041 pius
528 2997 640 3031 lector
666 2996 849 3039 intelligit,-

323 3055 335 3072 '2
360 3054 459 3089 Haec
484 3056 665 3089 sententia
692 3054 938 3089 Abaelardo
965 3054 1102 3088 crimini
1130 3052 1295 3093 dabatur;
1332 3053 1377 3087 cf.
1399 3052 1535 3093 Gieffl,
1566 3052 1601 3086 L.
1628 3063 1658 3088 0.
1685 3062 1718 3095 p.
1749 3051 1813 3084 172

180 3125 262 3159 sqq;
290 3113 483 3155 Denifle,
513 3116 645 3148 Archiv
672 3114 698 3155 J,
724 3114 805 3155 431,
831 3113 913 3148 466.

1617 3172 1670 3211 e*
