2106 3453
559 237 750 271 Tractatus
780 238 837 270 111.
890 237 940 270 De
967 239 1112 281 peccato
1140 238 1316 281 originali.
1683 238 1754 273 41*

121 340 219 381 illud
264 341 596 391 Augustini1:
650 340 762 380 Niliil
807 343 869 382 est
912 341 1086 390 malum,
1132 341 1211 381 nisi
1244 342 1357 393 quod
1394 342 1658 394 impossibile
1691 345 1755 384 est

119 430 212 457 esse
246 416 420 461 malum,
467 419 507 457 et
540 430 669 457 omne
714 417 888 466 mulum,
923 417 964 457 id
1004 420 1067 457 est.
1100 430 1227 458 omne
1260 418 1298 457 id
1335 418 1450 469 quod
1480 422 1537 458 est
1575 419 1753 468 malum,

119 495 183 532 est
225 493 400 539 bonum,
445 495 485 532 et
530 492 689 533 malum
725 493 826 532 nihil
868 493 1105 533 secundum
1148 493 1241 541 lioc,
1285 493 1398 545 quod
1434 506 1511 545 pro
1547 494 1754 546 qualitate.

118 568 341 619 significat,
384 571 425 608 et
458 568 556 608 inde
589 568 743 609 dicitur
786 568 914 609 homo
949 571 1101 610 auctor
1140 569 1229 610 eius
1271 570 1387 621 quod
1422 569 1520 609 1111111
1565 573 1639 619 est,
1675 571 1754 611 sci-

118 644 214 685 licet
247 645 449 685 malitiae.

260 720 453 761 Beatus
487 734 572 761 non
605 724 668 761 est
704 723 839 770 actus,
886 722 960 762 sed
998 721 1225 762 debitum
1262 725 1513 763 aeternae
1543 736 1752 774 poenae.

122 795 237 836 Licet
260 796 370 836 enim
401 800 624 848 peccatum
652 797 920 848 praeterierit
945 810 1020 849 per
1045 800 1310 838 momentum
1337 798 1400 838 vel
1418 798 1584 848 horam,
1609 802 1754 840 tamen

120 873 290 912 tenetur
349 885 397 913 eo
456 885 566 921 reus,
613 872 750 913 donec
796 876 940 914 reatus
1003 873 1268 924 indulgentia
1318 875 1576 924 remittatur,
1640 875 1755 927 quod

118 950 238 999 patet
283 961 333 988 ex
379 948 517 988 verbis
578 948 744 988 Domini
800 949 1001 990 dicentis:
1061 949 1323 1004 Qicacumque
1374 950 1439 990 die.
1492 951 1754 1002 eomealeritis,

120 1023 351 1062 moriemini
397 1024 517 1075 (Gen.
549 1027 588 1075 2,
622 1024 706 1076 17).
784 1024 842 1064 Ex
889 1025 1044 1076 quibus
1091 1025 1230 1065 verbis
1275 1025 1392 1066 nosci
1437 1029 1592 1078 potest,
1639 1027 1755 1079 quod

118 1098 262 1140 debito
308 1112 493 1152 poenae,
537 1100 691 1141 scilicet
749 1103 906 1149 morte,
962 1103 1133 1142 tenetur
1176 1101 1305 1142 honio
1360 1115 1457 1142 reus
1509 1103 1753 1155 praecipue,

119 1175 212 1215 licet
259 1175 480 1227 multiplici
525 1176 705 1217 aliarum
744 1190 981 1229 poenarum
1016 1191 1171 1229 genere
1206 1181 1404 1220 teneatur
1436 1192 1553 1227 reus,
1601 1182 1642 1219 et
1675 1179 1755 1220 hoc

119 1250 373 1300 ostenditur,
409 1265 503 1292 cum
539 1252 591 1292 de
626 1265 764 1304 poena
800 1253 1073 1293 disseremus.
1138 1253 1226 1294 Nec
1262 1254 1487 1294 dicendum
1525 1257 1601 1304 est,
1636 1255 1754 1295 debi-

118 1329 209 1368 tum
256 1328 417 1379 peccati
461 1340 553 1368 esse
595 1341 795 1380 poenam,
842 1343 938 1370 cum
986 1343 1116 1370 unum
1165 1330 1219 1371 sit
1252 1330 1341 1370 sine
1378 1331 1526 1380 altero,
1575 1334 1614 1372 et
1657 1345 1753 1372 cuin

118 1417 248 1456 saepe
281 1403 336 1444 ilii
371 1404 423 1444 sit
456 1407 615 1455 reatus,
651 1405 720 1445 ubi
756 1418 895 1457 poena
930 1419 1014 1447 non
1050 1409 1125 1447 est.

260 1480 371 1530 Quid
407 1480 460 1520 sit
492 1494 677 1532 poena,
713 1494 798 1522 non
833 1482 1097 1531 definitione,
1133 1482 1207 1522 sed
1236 1483 1444 1524 divisione
1472 1484 1754 1525 ostendimus.

121 1556 266 1597 Poena
288 1558 351 1597 est
375 1557 533 1597 fomes
554 1557 755 1609 peccati
789 1557 852 1597 vel
880 1559 1307 1610 concupiscentia
1336 1559 1425 1600 sive
1449 1559 1645 1607 vitium,
1670 1573 1755 1612 quo

119 1632 303 1674 naturali
337 1633 530 1685 potentia
564 1646 692 1685 quain
723 1633 926 1682 habebat,
959 1635 1119 1675 scilicet
1152 1635 1376 1676 resistendi
1415 1635 1528 1686 vitio,
1566 1636 1756 1677 humana

121 1711 275 1750 natura
308 1709 477 1761 privata
512 1712 588 1758 est,
622 1710 753 1762 quod,
787 1712 834 1750 ut
866 1711 926 1751 ait
955 1711 1316 1762 Augustinus-³,
1353 1712 1409 1752 ita
1440 1712 1657 1752 hominen]
1693 1713 1755 1753 in-

120 1785 218 1834 ficit,
263 1788 307 1825 ut
342 1785 442 1837 quia
477 1786 682 1837 peccavit,
726 1799 821 1826 cum
857 1789 1035 1838 peccato
1069 1787 1267 1828 resistere
1300 1788 1454 1839 potuit,
1500 1801 1586 1828 non
1621 1789 1756 1841 possit

122 1873 204 1901 non
248 1873 439 1913 peccare,
485 1874 577 1902 cum
623 1861 732 1902 velit.
797 1862 958 1904 Dicitur
991 1862 1134 1911 etiam,
1169 1864 1283 1915 quod
1318 1864 1482 1915 primus
1516 1863 1646 1904 homo
1680 1865 1755 1905 ha-

119 1937 211 1977 buit
243 1937 354 1977 hanc
393 1937 592 1987 gratiam,
635 1938 750 1989 quod
791 1938 825 1978 si
861 1938 997 1988 vellet,
1040 1951 1263 1991 nunquam
1305 1941 1515 1991 peccaret,
1551 1939 1591 1979 id
1626 1943 1690 1981 est,
1723 1941 1756 1981 si

119 2013 257 2062 vellet,
303 2013 481 2053 haberet
524 2013 775 2055 adiutricem
816 2014 1014 2065 gratiam,
1061 2016 1107 2055 ut
1150 2028 1371 2067 nunquam
1409 2016 1756 2069 concupiscentia

120 2089 202 2130 alio
245 2089 347 2130 vitio
390 2090 673 2141 compellente
715 2094 940 2142 cogeretur
979 2091 1033 2131 ad
1066 2091 1355 2143 peccandu1n3
1398 2092 1513 2144 quod
1547 2093 1599 2133 de
1632 2093 1756 2134 nobis

1780 1044 1810 1067 10

1777 1807 1810 1831 ἵζω

122 2166 273 2207 salsum
318 2168 395 2216 est,
439 2179 534 2206 cum
572 2166 818 2218 impellente
852 2167 1199 2219 concupiscentia
1234 2181 1285 2208 ex
1320 2168 1575 2210 necessitate
1607 2182 1756 2221 pecce-
1776 2186 1811 2210 ‘25

120 2255 230 2283 mus.
312 2242 437 2292 Quod
480 2243 533 2283 de
575 2243 830 2284 necessitate
873 2244 1018 2284 inflicti
1063 2244 1149 2284 vitii
1193 2243 1391 2293 diximus,
1437 2244 1516 2285 lioc
1560 2245 1756 2298 exemplo

119 2318 296 2370 patebit.
360 2319 479 2359 Sicut
524 2318 699 2359 domino
744 2319 1038 2372 praecipiente
1082 2333 1219 2369 servo,
1267 2333 1320 2360 ne
1366 2320 1420 2361 ab
1468 2320 1558 2361 eius
1601 2321 1757 2362 intuitu

120 2394 266 2435 oculos
312 2394 518 2442 reflectat,
565 2395 597 2435 si
644 2409 792 2436 servus
836 2396 1001 2437 habens
1035 2398 1292 2448 potestatem
1331 2395 1502 2436 videndi
1537 2399 1577 2437 et
1611 2397 1758 2438 oculos

119 2470 225 2511 alias
267 2470 513 2511 reflectendi
556 2485 607 2511 ex
646 2473 820 2524 propria
864 2472 1060 2513 libertate
1104 2472 1249 2513 oculos
1289 2486 1313 2513 a
1349 2472 1530 2513 Domino
1563 2474 1756 2523 reflectit,

262 2615 281 2648 3
309 2615 516 2659 secundum]
543 2615 606 2649 sed
634 2618 674 2649 A.
779 2616 872 2649 4-5
899 2615 1051 2659 scilicet]
1081 2615 1141 2649 sed
1172 2617 1214 2650 A.
1334 2617 1374 2650 13
1400 2616 1477 2658 nec]
1505 2628 1598 2650 nunc
1625 2619 1667 2650 A.
1714 2619 1757 2650 ln

122 2677 152 2708 B
174 2680 296 2718 postea
324 2681 515 2708 coi-rectem]
543 2687 618 2711 nec.
734 2676 774 2709 15
801 2675 922 2720 saepe]
950 2675 1173 2709 substantiae
1200 2676 1286 2709 insit
1314 2678 1354 2710 A.
1409 2678 1451 2709 In
1481 2678 1511 2709 Β
1532 2681 1657 2719 postea
1683 2688 1758 2710 cor-

122 2739 263 2767 rectum.
390 2735 430 2768 19
458 2734 564 2779 quod]
602 2747 670 2779 quo
692 2738 721 2769 A
759 2735 818 2779 qui
847 2737 878 2768 B
916 2737 1007 2779 qnod
1045 2738 1080 2767 ln
1107 2736 1172 2767 hac
1196 2741 1301 2778 parte
1328 2737 1457 2769 codicis
1482 2747 1585 2779 ‚saepe
1606 2738 1759 2779 ponimi-

116 2805 204 2836 fflv:
230 2793 333 2837 quod.
431 2793 474 2826 23
497 2799 579 2837 post
606 2793 716 2827 vellet
741 2796 823 2828 add.
848 2796 878 2828 B
904 2806 1055 2838 semper.
1154 2794 1199 2827 24
1225 2794 1472 2838 compellente]
1494 2793 1699 2838 impellente
1715 2795 1756 2828 B.

121 2852 165 2886 26
191 2851 271 2896 hoc]
297 2853 332 2886 in
359 2852 424 2887 hoc
452 2855 494 2887 B.

265 2993 274 3010 ¹
303 2994 347 3028 cf.
376 2993 419 3027 ad
446 3005 589 3027 sensum
618 2994 800 3037 August.
833 2996 965 3028 Contra
994 2996 1132 3028 mli-«rs.
1160 2996 1267 3037 Leyi-s·
1294 2999 1324 3027 et
1345 2995 1476 3037 proph.
1504 2994 1525 3027 l.
1553 2995 1578 3028 1.
1608 3006 1636 3028 c.
1665 2995 1696 3027 5.
1724 3006 1756 3027 n.

123 3053 153 3087 7.
181 3052 262 3093 (PL.
289 3053 345 3093 42,
374 3053 466 3092 607).

264 3111 275 3129 '·'
302 3112 346 3146 cf.
374 3124 481 3157 supra
508 3124 540 3157 p.
568 3113 612 3146 23
627 3111 653 3145 *.
