2106 3453
15 804 48 829 86
62 805 91 823 1⁴*

546 238 739 272 Tractatus
764 237 825 273 ΙΙΙ.
878 236 928 270 De
955 238 1100 280 peccato
1128 235 1305 279 originali.
1676 233 1748 270 43*

115 342 311 382 baem-unt
355 341 484 381 Demn
530 341 675 381 habere
718 342 759 380 in
803 341 947 380 notitia
991 339 1126 393 (li'om.
1174 339 1328 391 l,2‹bs)‚·
1369 352 1446 380 nec
1490 338 1747 379 conveniunt

116 417 232 458 omni
264 429 487 469 personae.

259 493 369 533 Sunt
404 494 446 533 et
479 492 589 534 aliae
622 505 789 544 poenae
823 505 931 544 quas
971 491 1115 532 anima
1148 504 1172 530 a
1207 503 1386 542 corpore
1419 490 1562 530 soluta
1592 489 1752 541 patitur

116 571 216 609 ante
250 568 362 608 diem
397 567 537 608 iudicii
574 568 610 608 in
634 568 901 620 purgatorio;
938 580 1014 608 nec
1040 569 1138 607 sunt
1173 566 1408 617 generales,
1443 566 1518 606 sed
1552 566 1752 606 omnibus

116 644 332 685 damnatis
365 644 638 693 conveniunt,
673 644 751 694 sed
784 656 869 684 non
904 643 1103 683 omnibus
1137 642 1484 694 praedestinatis.

257 720 367 760 Sunt
411 722 451 760 et
493 719 603 761 aliae
649 732 759 771 quae
802 722 900 759 sunt
942 722 1041 771 post
1078 718 1269 760 auditam
1321 718 1435 759 illam
1470 717 1751 758 sententiam:

92 796 179 836 -Ite
213 795 416 835 maledicte?
447 795 611 848 (Matilo.
640 798 710 846 735,
736 795 823 848 JJ),
855 797 857 846 l
894 808 1002 847 quas
1033 795 1203 836 animae
1236 794 1467 846 resumptis
1502 793 1754 845 corporibus

117 871 335 924 patientur
367 874 407 911 et
441 874 540 911 sunt
575 873 740 912 tantum
777 872 1074 923 reproborum.

647 993 701 1032 ΙΙ.
740 994 796 1032 De
825 995 990 1043 peccato
1021 993 1223 1042 originali.

261 1081 526 1131 Notandum,
562 1081 677 1133 quod
712 1081 766 1122 ab
794 1081 935 1122 Adam
964 1084 1189 1133 peccatum
1218 1084 1258 1121 et
1284 1085 1452 1122 reatum
1486 1080 1755 1121 traduximus

119 1157 228 1198 sicut
262 1160 303 1197 et
335 1170 503 1209 corpus.
559 1157 636 1197 Hic
672 1157 880 1209 accipitur
905 1159 1131 1209 peccatum
1160 1157 1200 1197 in
1232 1156 1544 1207 significatione
1574 1168 1755 1208 poenae,

120 1246 249 1285 quam
295 1233 444 1273 vitium
491 1233 554 1274 vel
589 1233 779 1273 fomitem
814 1233 1102 1273 nominamus.
1167 1232 1262 1273 Non
1297 1232 1408 1272 enim
1443 1234 1586 1272 actum
1622 1231 1755 1281 illum,

121 1322 248 1362 quem
295 1309 393 1361 egit,
440 1309 615 1362 quando
662 1309 861 1359 comedit,
906 1309 960 1351 ab
994 1323 1044 1350 eo
1078 1309 1352 1350 traduximus
1379 1322 1457 1350 nec
1491 1321 1540 1348 eo
1575 1307 1757 1358 agimus,

121 1386 196 1427 sed
237 1386 344 1427 sicut
378 1399 455 1438 pro
490 1386 559 1426 illo
592 1388 769 1438 peccato
804 1387 838 1426 ei
876 1386 1023 1426 vitium
1058 1385 1264 1426 inflictum
1301 1388 1378 1435 est,
1421 1387 1465 1425 ut
1502 1384 1757 1426 necessitate

121 1465 332 1516 peccaret,
378 1462 436 1503 sic
479 1475 557 1503 nos
590 1475 666 1514 per
699 1462 1094 1514 concupiscentiam
1128 1462 1257 1513 geniti
1291 1462 1400 1502 idem
1437 1461 1585 1502 vitium
1619 1461 1674 1501 ab
1708 1472 1758 1500 eo

122 1539 332 1580 traximus
359 1539 476 1591 quod
500 1539 731 1579 fomitem
759 1539 825 1579 Vel
853 1539 1012 1591 legem
1037 1539 1378 1579 membrorum
1403 1537 1689 1585 nominamus,
1712 1538 1759 1576 ut

123 1616 214 1656 eius
258 1615 443 1668 impulsu
492 1629 541 1657 ex
583 1611 841 1657 necessitate
882 1616 991 1656 sicut
1031 1615 1121 1668 ipse
1159 1628 1399 1668 peccemus.
1475 1614 1597 1655 Unde
1639 1615 1760 1666 patet

123 1692 293 1733 mentiri
340 1691 606 1743 Pelagium
655 1691 727 1744 qui
772 1691 891 1733 dicit:
948 1692 1127 1732 Possum
1178 1705 1261 1732 non
1304 1704 1498 1744 peccare,
1545 1690 1579 1730 si
1618 1690 1757 1730 velim.

125 1769 412 1821 Apostolus
445 1781 618 1821 quoque
639 1767 757 1809 dicit:
803 1771 956 1809 Contra
976 1772 1172 1808 marm-am
1204 1768 1284 1820 filie·
1315 1781 1457 1807 sanius
1475 1770 1501 1817 1,
1536 1779 1620 1808 non
1644 1766 1760 1819 quod

124 1844 391 1892 naturaliter,
437 1844 478 1884 id
526 1847 589 1885 est
633 1845 687 1886 ab
731 1844 823 1896 ipsa
867 1845 1084 1885 creatione
1127 1844 1279 1896 prima,
1322 1843 1424 1883 illud
1468 1842 1615 1883 vitium
1662 1842 1761 1883 insit

124 1921 303 1971 homini,
337 1921 447 1961 sicut
478 1920 750 1961 rationalitas
784 1923 825 1961 et
858 1920 1088 1970 risibilitas,
1123 1920 1197 1960 sed
1231 1920 1332 1972 quia
1367 1919 1495 1960 durat
1526 1932 1622 1960 cum
1659 1919 1760 1971 ipsis

124 1996 409 2047 naturalibus,
442 1999 489 2037 ut
522 1986 744 2054 nunquam
780 1996 897 2037 vivat
933 1996 1060 2036 liomo
1094 1997 1185 2037 sine
1219 1996 1303 2036 illo.

268 2073 393 2114 Unde
425 2073 484 2114 sic
521 2073 723 2113 dividitur
757 2075 1001 2125 peccatum:
1038 2074 1314 2125 peccatorum
1352 2072 1435 2112 alia
1469 2071 1760 2123 originalia,

125 2150 206 2191 alia
243 2149 593 2202 superaddita.
647 2148 935 2201 Originalia
969 2148 1170 2190 dicuntur
1196 2161 1307 2201 quae
1340 2148 1430 2189 fieri
1466 2147 1588 2188 nobis
1609 2147 1758 2188 vitium

126 2226 388 2277 originaliter
409 2226 615 2267 inflictum
639 2225 830 2278 impellit,
848 2228 895 2266 ut
919 2225 1220 2280 concupiscere
1241 2225 1478 2273 mulierem,
1502 2236 1669 2273 aurum,
1694 2237 1761 2264 ar·
1783 2239 1813 2263 Ψ

127 2305 319 2353 gentum,
353 2314 546 2353 gemmas
580 2303 622 2343 et
654 2304 796 2343 cetera
830 2301 985 2353 quibus
1018 2301 1211 2342 humana
1240 2300 1466 2341 infirmitas
1501 2299 1539 2340 in
1562 2300 1643 2340 hac
1676 2299 1762 2339 vita

1773 657 1788 680 5

1780 1090 1810 1114 ll)

1781 1467 1814 1495 15

1781 1854 1816 1879 20

128 2391 274 2420 carere
294 2391 381 2419 non
403 2381 559 2430 potest.
606 2378 838 2430 Superad
854 2377 964 2418 dita
996 2379 1109 2427 sunt,
1132 2390 1244 2429 quae
1266 2376 1483 2428 originalis
1504 2375 1594 2416 vitii
1616 2389 1764 2416 neces·
1806 2365 1808 2367 ’

128 2455 230 2496 sitas
262 2468 347 2495 non
382 2455 562 2507 impellit
589 2454 694 2501 fieri,
723 2457 769 2495 ut
796 2454 1003 2503 occidere,
1026 2453 1260 2495 adulterari
1285 2455 1325 2509 et
1348 2455 1490 2493 cetera
1513 2465 1624 2505 quae
1647 2451 1764 2492 simi-

129 2531 223 2573 liter
250 2533 475 2583 apparent.
528 2531 647 2571 Sicut
674 2530 784 2571 enim
813 2531 944 2571 homo
970 2530 1135 2570 habens
1162 2529 1312 2570 vitium
1341 2528 1609 2570 claudicandi
1637 2530 1763 2568 natu-

128 2608 287 2657 raliter,
315 2607 465 2648 vitium
493 2607 672 2657 excedit,
707 2607 741 2648 si
774 2607 885 2647 ultra
919 2619 1047 2658 quam
1080 2605 1314 2647 necessitas
1342 2605 1430 2645 vitii
1461 2605 1571 2656 cogit
1603 2604 1763 2646 claudi-

272 2758 291 2790 5
319 2755 529 2790 damnandis
556 2757 597 2790 B.
704 2754 766 2789 sed
792 2754 876 2798 non]
904 2756 939 2788 et
966 2755 1003 2788 !'.
1105 2754 1122 2787 7
1151 2764 1240 2797 quas
1266 2766 1331 2788 om.
1348 2755 1387 2787 B.
1484 2752 1504 2785 8
1532 2753 1581 2794 et]
1609 2752 1696 2786 liaeo
1724 2754 1764 2788 Β,

132 2816 174 2850 13
202 2815 320 2859 quem]
348 2827 416 2859 quo
446 2817 486 2849 B.
588 2816 629 2849 15
656 2817 848 2859 peccarent
861 2816 903 2848 B.
1005 2814 1046 2847 19
1067 2819 1151 2857 post.
1171 2824 1293 2846 sumus
1314 2814 1398 2848 add.
1424 2814 1452 2846 Β
1471 2811 1555 2846 irae.
1607 2812 1651 2846 20
1672 2823 1764 2845 crea—

130 2874 240 2919 tione]
267 2876 432 2909 creatura
454 2879 494 2910 A.
593 2875 638 2908 24
665 2873 908 2918 superaddita]
935 2872 1058 2907 addita
1078 2875 1120 2907 Β.
1219 2872 1263 2905 25
1291 2871 1479 2916 impellunt
1502 2874 1543 2907 A.
1642 2871 1685 2904 27
1713 2882 1765 2904 ca-

130 2934 220 2976 rere]
254 2934 377 2968 vivere
405 2937 436 2968 A
453 2936 492 2968 Β.
544 2936 588 2967 In
618 2934 648 2965 B
672 2939 793 2977 postea
821 2938 1015 2967 correctum
1045 2935 1081 2965 in
1116 2943 1247 2966 carere.
1347 2931 1391 2965 28
1412 2936 1495 2974 post
1521 2930 1597 2964 fieri
1626 2931 1708 2965 add.
1739 2929 1764 2962 Β

131 2993 217 3027 licet
242 2994 286 3027 ad
313 3005 356 3027 ea
380 2993 531 3027 multum
558 2993 667 3028 iuvet.
766 2992 812 3026 29
834 2998 915 3036 post
939 2992 1044 3026 homo
1071 2993 1155 3026 add.
1184 2992 1216 3024 Β
1242 2990 1466 3025 naturaliter.

271 3114 282 3132 ¹
309 3115 353 3149 cf.
380 3114 468 3160 Eph.
496 3114 528 3155 2,
555 3114 596 3150 3:
640 3116 687 3149 Et
713 3126 855 3148 eramus
882 3119 1013 3148 reatum
1038 3115 1109 3156 filii·
1137 3115 1213 3146 irae
1239 3115 1331 3146 sient
1358 3117 1387 3145 et
1413 3113 1526 3145 ceteri.

1786 2619 1819 2642 3⁴)
