2106 3453
527 238 717 275 Tractatus
744 237 805 276 ΙΙΙ.
860 239 910 274 De
938 241 1082 285 peccato
1109 236 1284 284 originali.
1655 236 1726 274 45*

94 350 157 387 est
203 343 254 387 ad
304 346 649 387 constituendam
697 345 933 386 humanam
980 347 1177 386 naturam
1224 344 1450 385 sufficiens.
1540 344 1635 384 Non
1682 347 1728 385 ut

93 423 267 476 quidam
304 425 538 475 exponunt,
587 435 757 463 eramus
792 423 831 462 in
853 468 855 470 ¹
877 422 960 470 illo,
1008 421 1047 461 id
1091 424 1153 461 est
1188 421 1227 460 in
1270 421 1500 462 seminario
1535 421 1725 461 omniun]

95 499 331 540 hominum.
396 499 437 538 Si
475 498 721 551 opponitur,
756 498 870 549 quod
899 510 1055 549 corpus
1089 498 1123 537 ei
1159 510 1243 537 non
1272 497 1348 537 fuit
1369 496 1478 537 adeo
1508 509 1727 548 inagnum,

94 578 139 616 ut
172 575 396 615 minimam
440 574 647 626 cuiusque
690 573 941 626 particulam
978 573 1196 614 continere
1229 575 1387 624 posset,
1423 586 1506 612 non
1542 576 1605 613 est
1638 586 1728 613 cre-

94 651 300 700 dendum,
336 651 436 702 quia
469 663 610 691 rerum
636 650 810 690 metitur
837 652 1118 701 augmentum
1150 649 1210 689 vel
1241 649 1546 690 detrimentum
1576 662 1730 690 secun-
1750 666 1765 689 ε,

98 727 198 767 dum
248 727 462 767 humanas
494 732 568 767 'res
614 739 725 778 quae
771 731 888 767 sunt:
949 725 991 766 Si
1042 725 1142 777 quid
1187 724 1311 766 alicui
1355 725 1541 774 additur,
1590 725 1728 777 ipsum

96 805 231 843 totum
281 805 374 851 etc..,
422 805 462 842 et
507 803 539 842 si
584 802 685 853 quid
728 801 1008 850 subtrahitur,
1055 802 1195 841 minus
1238 800 1432 841 efficitur.
1515 800 1618 851 Deo,
1659 801 1731 853 qui

101 880 253 919 cuncta
290 878 449 919 creavit
483 877 534 917 de
568 877 713 926 nihilo,
748 877 868 918 facile
903 876 991 925 fuit,
1026 877 1066 917 in
1102 889 1151 917 eo
1186 876 1466 918 materialiter
1498 877 1731 917 recondere

97 954 208 994 miro
246 954 390 1002 modo,
434 954 549 1006 quod
585 953 701 994 omni
735 953 952 994 humanae
986 956 1168 994 naturae
1202 952 1530 994 constituendae
1563 952 1730 1002 sufficit,

99 1033 139 1070 et
191 1030 245 1071 ab
279 1043 328 1070 eo
373 1043 449 1082 per
491 1029 828 1080 regenerationis
862 1030 1161 1081 purgationem
1206 1042 1290 1069 non
1342 1029 1581 1078 extrahere,
1634 1042 1729 1069 cum

96 1107 241 1147 omnia
286 1106 338 1146 de
384 1118 469 1146 non
514 1119 606 1147 esse
656 1106 710 1160 ad
758 1119 850 1146 esse
896 1106 1161 1146 revocaverit
1208 1108 1248 1145 et
1290 1105 1343 1145 de
1388 1104 1566 1144 minima
1612 1108 1731 1145 costa

96 1182 328 1223 maximam
365 1181 587 1222 mulierem
622 1181 780 1222 fecerit.

593 1288 669 1325 ΙΙΙ.
709 1287 764 1325 De
793 1287 920 1325 modis
949 1287 1238 1325 remissionum.

242 1376 497 1417 Remissio
533 1375 676 1416 multis
705 1375 844 1416 modis
881 1376 973 1415 erit.
1039 1375 1111 1415 Est
1140 1375 1252 1415 enim
1282 1376 1520 1416 remissio
1554 1388 1733 1428 pecca-

96 1456 261 1493 torum
308 1455 355 1493 et
397 1456 647 1494 reatuum.
712 1452 970 1493 Remissio
1015 1455 1366 1503 peccatorum,
1412 1452 1453 1492 id
1489 1454 1550 1493 est
1585 1454 1732 1493 actua·
1775 1467 1787 1488 ·›

96 1529 201 1570 lium
229 1542 391 1579 eorum,
415 1529 570 1581 quibus
597 1532 826 1581 peccantes
854 1541 1015 1578 sumus,
1044 1528 1253 1569 hactenns
1280 1529 1325 1568 sit
1352 1542 1428 1580 per
1454 1529 1733 1581 baptismum,

97 1605 384 1646 eucharistiae
417 1608 459 1645 et
493 1608 732 1646 ceterorum
762 1607 1132 1646 sacramentorum
1161 1605 1526 1645 communionem.
1591 1605 1734 1645 Initia-

98 1682 151 1722 tis
197 1681 573 1733 enim‘baptismo
617 1683 659 1722 et
691 1681 842 1721 ceteris
876 1681 1132 1721 christianae
1178 1680 1392 1732 religionis
1437 1681 1734 1731 sacramentis,

98 1758 176 1798 etsi
221 1759 342 1799 actus
385 1757 604 1809 peccandi,
651 1757 754 1797 duni
795 1756 993 1806 militant,
1041 1757 1099 1797 eis
1147 1769 1231 1796 non
1279 1756 1455 1797 omnino
1501 1757 1733 1807 auferetur,

98 1835 244 1874 tamen
278 1833 420 1874 divina
466 1847 543 1885 per
575 1836 945 1875 sacramentorum
994 1832 1311 1884 susceptionem
1347 1833 1638 1874 misericordia
1673 1834 1734 1875 fa-

99 1909 236 1950 ciente
281 1912 403 1951 actus
452 1909 827 1965 concupiscentiae
872 1911 1152 1961 temperatur,
1205 1911 1252 1949 ut
1296 1909 1381 1950 iam
1426 1911 1648 1960 peccatum
1694 1910 1735 1950 in

100 1999 280 2038 corpore
325 1999 410 2026 non
459 1986 717 2035 dominetur,
773 1988 814 2026 et
856 1999 932 2038 per
973 1985 1169 2037 spiritum
1214 1985 1387 2034 consilii,
1431 1987 1477 2026 ut
1518 1985 1737 2026 remissius

98 2065 209 2112 urat,
256 2063 631 2114 concupiscentiae
689 2063 865 2103 flamma
913 2062 1190 2102 interciditur.
1277 2061 1401 2102 Unde
1447 2061 1733 2113 Propheta:

108 2138 198 2178 l'oa:
242 2139 400 2178 ‹lmm'ni
447 2139 726 2178 κ’·ηΐωτήἅμηΐῖκ
772 2140 848 2179 etc.
870 2140 895 2179 1.
991 2138 1106 2179 Haec
1159 2137 1321 2189 peccati
1366 2137 1559 2177 remissio
1604 2137 1651 2177 fit
1695 2138 1735 2178 in

98 2214 179 2255 hac
212 2215 312 2256 vita.
1120 2265 1124 2268 ¹

244 2290 498 2331 Remissio
533 2292 730 2339 reatus,
765 2291 806 2330 id
841 2292 904 2330 cst
937 2290 1108 2331 debitae
1140 2302 1320 2341 poenae,
1355 2289 1401 2329 tit
1433 2292 1520 2329 tam
1549 2289 1589 2329 in
1613 2303 1737 2341 prae-

102 2367 210 2408 senti
246 2380 375 2419 quam
423 2367 463 2407 in
498 2368 654 2415 futuro,
707 2366 999 2419 multipliciter
1041 2369 1199 2407 tamen.
1295 2366 1592 2406 Remittuntur
1625 2366 1736 2406 enim

102 2442 274 2484 debitae
301 2456 489 2495 poenae,
516 2446 563 2484 ut
596 2443 778 2494 figurate
805 2443 1048 2495 loquamur,
1083 2442 1124 2482 id
1158 2444 1219 2482 est
1248 2442 1464 2482 debitores
1497 2455 1736 2494 poenarum

103 2519 144 2559 in
178 2520 408 2571 praesenti,
444 2522 490 2559 ut
523 2520 595 2571 qui
628 2532 705 2571 pro
740 2522 918 2571 peccato
952 2518 1182 2559 commisso
1217 2517 1463 2570 epilemsiae
1496 2518 1560 2558 vel
1594 2518 1737 2571 leprae

103 2595 271 2636 debitor
317 2598 394 2645 est,
440 2609 515 2647 per
557 2596 891 2637 intercessiones
937 2598 979 2635 et
1021 2594 1173 2635 merita
1219 2596 1466 2635 sanctorum
1514 2593 1630 2635 febre
1672 2595 1737 2634 vel

245 2716 265 2749 :2
293 2716 497 2757 seminario}
526 2716 755 2749 seminarium
785 2718 814 2749 A
833 2717 874 2749 Β.
985 2714 1004 2748 3
1033 2714 1111 2748 eius
1142 2716 1179 2749 Β.
1297 2715 1319 2747 4
1346 2714 1477 2757 pot-erit
1505 2714 1545 2749 R.
1658 2718 1739 2755 post

104 2778 159 2808 est·
185 2777 266 2811 add.
295 2776 442 2809 Resse.
560 2776 578 2808 7
607 2775 687 2819 eto]
715 2776 796 2808 est'?
908 2774 980 2807 Deo
1007 2776 1148 2817 scripsi:
1178 2774 1203 2806 A
1222 2775 1251 2806 B
1272 2773 1379 2807 Deus.
1487 2772 1507 2805 8
1534 2771 1737 2815 recondere]

104 2834 268 2868 recedere
286 2837 326 2869 A.
434 2834 475 2868 10
502 2834 744 2877 generationis
761 2836 801 2870 B.
916 2834 958 2867 14
984 2833 1127 2867 eritom.
1145 2833 1183 2866 [3.
1298 2833 1338 2865 16
1366 2831 1502 2875 sumus]
1529 2831 1670 2875 agimus
1698 2832 1738 2864 B.

105 2893 277 2927 hactenus
303 2905 369 2927 om.
395 2895 437 2927 B.
556 2894 596 2926 17
626 2897 660 2926 et
688 2905 751 2927 om.
774 2895 816 2928 B.
928 2892 970 2926 21
1000 2891 1271 2935 concupiscendi
1303 2893 1344 2924 B.
1443 2890 1487 2924 23
1516 2890 1741 2924 interciditur

106 2955 255 2996 scripsi;
280 2954 360 2986 AB
389 2952 624 2987 interdicitur.
770 2952 815 2985 28
843 2952 960 2985 debita
978 2954 1019 2987 A,
1167 2951 1210 2984 29
1239 2950 1312 2994 qui]
1339 2950 1429 2994 quod
1460 2952 1490 2983 R
1516 2962 1578 2994 pro
1605 2962 1669 2984 om.
1701 2952 1738 2982 Ιί.

106 3011 149 3045 30
177 3011 459 3045 intermissiones
485 3012 527 3046 Β.

251 3115 261 3132 ¹
290 3117 344 3148 Ps.
372 3118 426 3158 28,
454 3118 496 3148 7.·
542 3117 617 3148 Vox
646 3116 789 3148 Domini
817 3115 1060 3147 intercide›2tis
1085 3114 1264 3155 flammam
1296 3114 1397 3155 e'ynix.

1756 1045 1784 1068 1⁴1

1756 1851 1769 1875 Ξ,
1774 1850 1790 1874 Ο

1759 2610 1792 2632 311
