2106 3453
510 265 701 299 Tractatus
729 264 786 297 Vl.
841 264 890 298 De
918 264 1107 298 divinitate
1134 266 1167 297 et
1195 263 1380 297 Trinitate.
1671 261 1763 295 169*

273 369 465 409 Diximus
512 370 564 408 de
608 369 686 408 illis
736 367 983 408 nominibus
1028 367 1309 415 naturalibus,
1358 380 1468 419 quae
1515 366 1764 418 praedicant

130 445 430 494 substantiam,
473 448 513 484 et
545 444 595 484 de
631 444 924 493 relationibus,
969 457 1080 496 quae
1113 446 1213 484 sunt
1245 443 1445 484 adelictae
1481 445 1675 491 naturae,
1723 444 1765 482 et

131 520 225 561 ideo
270 534 353 560 non
397 521 631 572 pluraliter,
678 520 752 561 sed
795 520 847 560 de
890 520 1065 571 singulis
1109 522 1150 560 et
1183 519 1454 571 singulariter
1487 519 1689 559 dicuntur
1721 517 1763 557 in

130 610 312 637 summa.
377 596 495 637 Sicut
529 596 640 637 enim
675 596 729 637 ab
764 609 849 637 una
883 598 1039 636 natura
1072 595 1225 636 dicitur
1257 608 1368 635 unus
1402 595 1528 643 Deus,
1564 594 1620 634 ita
1656 605 1764 634 unus

131 676 311 722 creator,
350 686 459 712 unus
493 675 708 724 operator,
743 685 877 712 unum
912 672 1168 724 principium
1189 673 1214 712 1.

271 749 367 796 Sed
415 748 696 800 opponitur
715 751 741 798 2,
796 749 897 800 quia
942 761 1027 788 non
1081 751 1144 788 est
1189 761 1319 788 unum
1367 747 1638 800 principium,
1689 746 1765 787 sed

128 825 252 877 plura
285 825 508 877 principia,
552 825 652 877 quia
686 825 815 865 Pater
848 827 911 865 est
944 825 1198 877 principium
1239 824 1292 865 de
1332 838 1415 865 non
1457 824 1678 876 principio,
1726 824 1767 863 et

130 901 258 941 Filius
291 901 546 952 principium
583 900 635 940 de
667 901 876 952 principio
911 904 952 941 ct
993 901 1177 952 Spiritus
1211 903 1385 941 sanctus
1424 899 1678 952 principium
1714 898 1765 938 de

129 976 361 1028 principiis.
403 977 512 1028 Ergo
535 977 703 1017 diversa
726 977 932 1029 principia
954 979 1065 1017 sunt.
1113 976 1238 1026 Quod
1262 977 1413 1018 falsum
1437 979 1512 1016 est.
1560 976 1632 1016 Est
1653 975 1765 1016 enim

129 1065 216 1093 una
249 1052 553 1104 principalitas,
589 1065 674 1104 qua
707 1052 763 1092 illi
797 1055 882 1092 tres
917 1055 1015 1092 sunt
1054 1065 1186 1092 unum
1209 1052 1494 1105 principium,
1538 1052 1647 1092 sicut
1680 1063 1766 1091 una

130 1128 343 1177 divinitas,
378 1141 464 1180 qua
491 1141 577 1168 una
605 1128 660 1168 illi
689 1141 800 1168 unus
826 1131 926 1168 sunt
954 1128 1078 1169 Deus.
1126 1129 1232 1169 Cum
1262 1129 1375 1169 enim
1403 1129 1602 1169 dicimus:
1638 1127 1768 1168 Pater

130 1207 193 1244 est
225 1204 480 1256 principium
517 1204 569 1244 de
603 1217 689 1244 non
723 1205 946 1256 principio,
987 1205 1289 1245 determinatio
1332 1207 1409 1254 est,
1456 1204 1639 1256 qualiter
1678 1203 1767 1255 ipse

129 1280 182 1320 sit
214 1280 483 1333 principium,
526 1280 685 1321 scilicet
724 1281 840 1333 quod
883 1294 908 1321 a
949 1281 1063 1321 nullo
1098 1284 1174 1322 est.
1240 1281 1346 1322 Cum
1383 1284 1528 1322 autem
1564 1280 1764 1320 dicimus:

129 1356 258 1397 Filius
304 1358 368 1396 est
410 1357 669 1408 principium
715 1357 767 1398 de
812 1357 1033 1409 principio,
1087 1357 1180 1398 dico
1230 1358 1369 1409 ipsum
1417 1371 1509 1398 esse
1555 1371 1579 1397 a
1626 1356 1766 1397 Patre.

130 1432 256 1483 Quod
300 1435 530 1484 propterea
576 1446 660 1473 non
708 1433 792 1473 sint
837 1433 1005 1474 diversa
1050 1433 1272 1486 principia,
1325 1447 1417 1490 pen
1444 1433 1767 1473 similitudinem

130 1509 397 1550 falsificatur:
445 1508 645 1550 Socrates
688 1512 752 1550 est
791 1509 947 1558 sciens;
995 1510 1168 1562 spiritus
1208 1523 1311 1550 suus
1357 1512 1419 1550 est
1465 1509 1619 1557 sciens;
1668 1520 1767 1558 ergo

130 1584 285 1625 diversi
324 1584 520 1626 scientes,
585 1584 681 1625 Non
721 1585 927 1637 sequitur,
973 1586 1074 1637 quia
1108 1599 1193 1626 una
1233 1586 1410 1627 scientia
1453 1589 1529 1635 est,
1570 1597 1655 1637 qua
1688 1584 1768 1624 So-

131 1663 274 1702 crates
308 1664 349 1701 et
382 1661 557 1713 spiritus
591 1675 694 1702 suus
729 1663 792 1703 est
825 1662 975 1702 sciens.

272 1737 310 1777 4.
360 1736 552 1777 Vidimus
595 1751 706 1790 quae
749 1738 833 1778 sint
871 1738 1086 1779 naturalia
1127 1739 1304 1779 nomina
1351 1741 1392 1779 et
1435 1738 1537 1791 quid
1578 1738 1769 1779 habeant

131 1813 282 1855 facere.
335 1813 476 1854 Nunc
509 1814 567 1854 de
601 1814 969 1866 personalibus
1003 1815 1300 1855 nominibus
1334 1814 1614 1855 videamus
1667 1813 1803 1854 Per-2

131 1890 296 1932 sonalia
329 1891 506 1932 nomina
541 1895 640 1932 sunt
673 1892 846 1933 addicta
879 1893 1180 1944 personalibus
1207 1893 1543 1945 proprietatibus
1572 1894 1613 1931 et
1639 1891 1767 1942 signi-

130 1970 261 2009 ficant
302 1968 545 2018 relationes,
593 1982 704 2021 quae
746 1983 831 2010 non
874 1973 1031 2011 exeunt
1070 1971 1124 2010 ad
1164 1971 1389 2020 exteriora,
1436 1970 1511 2010 sed
1544 1972 1769 2010 remanent

130 2044 400 2096 intrinsecus,
434 2049 481 2086 ut
508 2046 649 2097 Pater,
676 2047 817 2097 Filius,
853 2048 1034 2098 genitus,
1064 2061 1232 2097 munus,
1262 2048 1438 2089 donum.
1486 2047 1600 2088 Haec
1623 2049 1767 2087 autem

131 2123 278 2164 onmia
312 2126 412 2163 sunt
444 2123 636 2165 relativa.
701 2124 812 2165 Nam
847 2126 962 2177 quod
997 2125 1151 2166 dicitur
1183 2126 1325 2175 Pater,
1367 2126 1420 2166 ad
1454 2125 1605 2165 Filium
1639 2124 1768 2164 refer-

132 2203 215 2241 tur.
291 2200 586 2242 Relativorum
634 2202 730 2243 talis
776 2206 839 2243 est
884 2205 1053 2252 natura,
1107 2204 1224 2255 quod
1274 2203 1416 2255 posito
1462 2216 1547 2243 uno
1594 2202 1803 2254 poniturss

131 2277 260 2328 aliud,
302 2280 350 2318 ut
382 2277 512 2319 Pater
545 2279 635 2319 Filii
670 2279 799 2319 Pater
832 2283 871 2320 et
906 2294 927 2320 θ
961 2293 1183 2331 converso,
1230 2281 1397 2332 genitor
1428 2280 1556 2332 geniti
1603 2279 1770 2331 genitor

133 2357 173 2394 et
207 2368 229 2395 e
253 2367 474 2402 converso,
510 2355 671 2396 donum
699 2355 922 2397 donatoris
949 2357 1110 2398 donum
1142 2361 1182 2398 et
1210 2371 1231 2398 e
1253 2370 1474 2399 converso.
1540 2357 1644 2397 Item
1673 2370 1769 2409 per-

131 2431 341 2472 sonalium
378 2433 599 2473 nominum
634 2433 717 2474 alia
754 2434 1058 2486 praedicantur
1092 2435 1302 2485 absolute,
1347 2435 1431 2475 alia
1465 2435 1506 2474 in
1540 2436 1765 2486 respectu;

132 2508 343 2559 absolute,
391 2512 436 2549 ut
469 2510 671 2561 Trinitas,
717 2524 921 2563 persona;
970 2512 1008 2552 in
1051 2516 1262 2565 respectu,
1309 2515 1355 2552 ut
1388 2512 1516 2553 Pater
1548 2514 1589 2552 et
1624 2511 1765 2552 Filius.

132 2585 239 2626 Item
273 2587 569 2637 personalium
608 2588 824 2640 quaedam
868 2592 980 2639 sunt,
1028 2603 1139 2641 quae
1182 2589 1234 2630 de
1276 2602 1539 2642 unaquaque
1582 2602 1767 2641 persona

132 2663 436 2714 praedicantur
481 2668 523 2706 et
572 2665 846 2716 singulariter
887 2667 1155 2719 accipiuntur
1196 2668 1238 2707 in
1282 2680 1466 2717 summa,
1513 2666 1672 2707 scilicet
1719 2679 1768 2707 ea

276 2790 315 2823 11
344 2790 439 2832 sunt]
468 2793 523 2824 est
550 2794 592 2825 A.
696 2792 735 2825 12
763 2792 930 2836 qualiter]
959 2794 1060 2837 quasi
1091 2796 1131 2826 A.
1233 2793 1273 2826 13
1302 2792 1407 2836 quod]
1436 2792 1495 2836 qui
1524 2796 1565 2827 A.
1658 2794 1699 2826 14
1727 2792 1768 2826 de

135 2848 308 2892 principio
330 2861 393 2883 om.
412 2852 453 2883 A.
554 2851 594 2884 15
622 2863 689 2884 non
711 2854 901 2895 propterea
922 2852 1013 2895 quod
1035 2855 1065 2885 A
1093 2864 1161 2885 non
1184 2854 1330 2896 propter
1350 2852 1443 2896 quod
1464 2853 1503 2887 H.
1604 2852 1645 2886 17
1673 2852 1768 2896 quia]

133 2908 225 2951 quod
254 2911 296 2941 A.
430 2909 473 2942 23
501 2909 716 2943 intrinsecus
742 2913 883 2954 scripsi,
912 2911 1138 2944 extrinsecus
1165 2914 1193 2944 A
1220 2913 1260 2945 B.
1395 2911 1533 2944 26—27
1560 2911 1768 2954 genitor..-

134 2967 262 3000 donum
289 2970 324 3001 et
351 2979 369 3001 e
396 2979 566 3002 converso
594 2981 659 3002 om.
681 2972 724 3004 A.
823 2970 867 3004 29
894 2970 1002 3003 trium
1029 2981 1260 3014 personarum
1288 2973 1331 3005 A.

276 3082 287 3099 ¹
314 3083 358 3116 cf.
387 3081 583 3124 Gilbert„
612 3086 665 3118 De
690 3087 813 3127 praed.
843 3088 953 3118 triam
974 3097 1072 3128 pers.
1100 3085 1181 3121 (PL.
1210 3086 1266 3125 64,
1296 3085 1385 3119 1306
1401 3085 1441 3126 D,
1474 3085 1561 3119 1307
1577 3085 1632 3126 A).

277 3141 289 3158 ²⁷
313 3142 425 3176 Petr.
452 3142 617 3176 Piotav.
645 3145 737 3177 Sc’tll‘.
766 3144 790 3185 Ι,
812 3144 856 3177 30
886 3144 965 3185 (PL.
995 3144 1072 3185 211,
1102 3144 1169 3178 903
1185 3146 1292 3188 sqq.).

1789 1062 1820 1087 10

1790 1442 1821 1467 15

1789 2600 1823 2625 30
