2106 3453
608 255 798 290 Tractatus
826 256 865 290 V.
916 256 967 289 De
994 256 1240 292 sacramentis.
1648 257 1740 292 105*

729 371 1016 425 Tractatus
1055 371 1116 421 V.

692 459 763 500 De
796 459 1151 501 sacramentis.

788 551 1059 591 Prooemium.

250 626 369 667 Sicut
401 627 600 675 diximus,
637 626 765 667 homo
793 627 981 679 peccatis
1016 627 1203 668 irretitus
1231 629 1283 668 ad
1313 629 1447 668 Deum
1483 628 1622 669 redire
1655 641 1740 668 non

108 704 246 756 potuit
269 716 408 755 neque
442 703 476 744 ei
501 703 779 751 reconciliari,
814 703 893 743 nisi
916 717 991 755 per
1024 704 1304 745 mediatorem
1333 705 1405 745 Dei
1442 708 1483 745 et
1505 704 1740 753 hominum,

107 779 248 819 Jesum
286 778 502 820 Christum
538 778 590 832 (I.
620 778 725 818 Tim.
750 781 790 831 2,
815 779 871 832 5).
937 779 1017 829 Qui
1044 777 1234 820 ‘veniens
1268 781 1410 821 attulit
1443 794 1587 821 secum
1611 793 1743 832 quae-

108 856 205 897 dam
241 855 530 896 consolatoria
562 855 698 904 hona,
726 855 885 896 scilicet
918 856 1074 908 quibus
1108 856 1160 896 de
1194 856 1284 897 istis
1313 857 1570 897 transitoriis
1601 857 1743 897 venire

107 944 405 984 promeremur
437 931 492 971 ad
526 931 894 972 consummatoria
934 931 1005 972 illa
1038 931 1166 981 bona,
1209 945 1321 984 quae
1359 946 1428 972 nec
1466 933 1603 973 oculus
1641 933 1744 972 vidit

80 1016 177 1047 ‘uec
209 1007 327 1047 azo-is
359 1006 518 1046 audivit
552 1008 630 1046 etc.
665 1006 719 1059 (I.
753 1007 846 1047 Cor.
871 1009 909 1058 2,
935 1007 991 1060 9).

250 1083 360 1124 Sunt
387 1082 586 1135 equidem
615 1082 713 1123 tria
739 1083 990 1124 honorum
1020 1097 1226 1135 genera:
1262 1085 1588 1134 transitoria,
1624 1098 1742 1126 con-

108 1160 378 1208 solatoria,
426 1160 882 1201 consummatoria.
964 1160 1293 1202 Transitoria
1336 1162 1451 1202 hona
1485 1164 1584 1202 sunt
1620 1175 1743 1202 mun-

109 1236 237 1277 dialia
278 1236 359 1277 ista
400 1238 441 1276 et
479 1235 748 1287 temporalia,
792 1235 844 1275 de
879 1235 1035 1288 quibus
1068 1237 1243 1278 dicitur:
1295 1237 1467 1277 Transit
1500 1237 1678 1279 tutandus
1709 1242 1745 1278 et

108 1313 430 1366 concupiscentia
461 1313 547 1352 eius
580 1311 633 1365 (I.
658 1311 753 1352 Jolz.
779 1313 818 1362 2,
844 1312 934 1364 17);
970 1315 1011 1353 et
1043 1312 1164 1354 alibi:

322 1405 439 1445 More
472 1404 643 1445 fluentis
675 1417 816 1457 aquae
849 1408 1026 1446 currunt
1060 1406 1261 1448 mortalia
1295 1420 1495 1459 quaeque
1515 1408 1541 1449 ¹,

251 1499 302 1539 Et
322 1498 363 1539 iu
386 1498 715 1539 Ecclesiaste:
748 1498 785 1539 V
783 1499 920 1539 auitas
938 1501 1164 1539 minitatum
1186 1504 1221 1540 et
1236 1501 1374 1541 omm'o
1392 1501 1551 1541 ormella-s
1575 1501 1740 1554 (liedes.

111 1578 148 1627 1,
166 1575 227 1628 2),
246 1577 304 1616 et:
346 1574 558 1627 Quicquid
574 1577 636 1615 est
651 1574 730 1615 sub
752 1575 854 1625 sole,
872 1588 1029 1616 vanum
1047 1578 1111 1616 est
1131 1576 1361 1629 (efiEccles.
1376 1578 1412 1629 1>
1430 1577 1514 1629 H).
1541 1602 1591 1606 —
1615 1577 1744 1618 Con-

109 1651 363 1693 solatoria
390 1651 506 1692 hona
533 1654 632 1691 sunt
655 1651 942 1692 ecclesiastica
963 1655 1250 1702 sacramenta,
1279 1652 1319 1693 in
1343 1653 1499 1705 quibus
1521 1653 1743 1694 nidifican-

109 1729 210 1769 dum
239 1730 303 1768 est
330 1730 371 1768 et
397 1727 721 1780 quiescendum
752 1728 804 1769 de
825 1728 982 1780 quibus
1009 1728 1286 1781 Propheta:
1322 1730 1625 1771 Consolationes
1653 1734 1746 1770 tuoe

109 1803 429 1857 laeliftccwcrmzt
448 1804 633 1844 animam
646 1818 773 1844 meam
789 1804 955 1857 (Pa-937
973 1804 1056 1857 19).
1091 1805 1228 1846 Idem:
1255 1805 1325 1846 Da
1345 1806 1446 1846 mila?
1465 1807 1746 1846 miserationes

110 1885 202 1921 tuas
234 1884 269 1920 ec
303 1881 434 1920 vincam
469 1880 554 1933 (ΡΞ.
592 1882 687 1928 118,
711 1880 799 1933 77).
863 1880 1001 1921 Idem:
1037 1881 1188 1922 Passer
1221 1883 1372 1922 invenit
1404 1882 1482 1922 siha:
1513 1867 1678 1922 cloimmn
1710 1887 1745 1923 et

110 1960 252 1996 turtur
283 1956 442 2008 melum,
483 1955 551 1996 aba·
584 1960 715 2010 ponat
741 1956 881 2010 pullos
912 1970 1006 1996 snos
1040 1957 1126 2010 (Ps,
1160 1958 1230 2009 83,
1253 1957 1310 2011 4).
1374 1958 1530 2000 Passer
1569 1959 1746 2011 quilibet

110 2033 246 2074 fidelis
287 2033 487 2086 pennatis
530 2033 759 2073 virtutibus
803 2035 844 2074 et
875 2034 1117 2086 praeceptis
1151 2034 1190 2074 in
1226 2035 1314 2075 alto
1349 2035 1553 2085 nidificat,
1588 2035 1747 2076 scilicet

110 2110 152 2150 in
185 2109 343 2150 unione
383 2112 769 2159 sacramentorum,
811 2110 853 2150 in
886 2111 1102 2151 consortio
1137 2111 1347 2160 fidelimn;
1388 2112 1460 2164 qui
1494 2114 1557 2153 est
1591 2115 1744 2162 turtur⁷

111 2186 316 2238 quoniam
351 2185 483 2227 habet
514 2186 720 2236 gemitum
755 2199 834 2238 pro
868 2188 1017 2235 cantu:
1054 2186 1219 2239 plangit
1251 2201 1441 2240 namque
1473 2202 1551 2241 pro
1585 2189 1672 2229 suis
1706 2191 1747 2230 et

111 2262 292 2303 aliorum
326 2262 526 2314 peccatis
590 2262 673 2303 Iste
699 2262 797 2304 talis
824 2263 865 2303 in
894 2263 1045 2304 mediis
1077 2263 1201 2304 bonis
1226 2264 1445 2316 quiescere
1473 2265 1609 2316 elegit,
1645 2265 1745 2318 quia

111 2351 198 2379 non
232 2340 296 2379 est
328 2338 448 2379 locus
481 2337 569 2378 veri
602 2338 798 2379 sacrificii
832 2341 952 2380 extra
996 2339 1252 2382 catholicam
1295 2341 1519 2383 ecclesiam
1537 2344 1563 2382 2.
1628 2341 1747 2382 Sicut

112 2415 213 2457 dicit
241 2415 351 2456 Job:
386 2416 505 2455 Auro
538 2416 646 2454 locus
678 2419 746 2467 est,
783 2416 825 2455 in
857 2430 934 2469 quo
966 2416 1169 2468 conflatur
1196 2415 1291 2469 (Job
1313 2417 1381 2468 28,
1406 2418 1462 2468 1).
1516 2417 1605 2458 Nisi
1632 2418 1745 2458 enim

112 2493 154 2533 in
188 2494 304 2533 certo
338 2491 431 2532 loco
466 2494 508 2532 et
540 2504 730 2543 congruo
763 2494 951 2544 ponatur
975 2494 1016 2532 et
1037 2492 1248 2533 confletur
1268 2506 1436 2542 aurum,
1470 2493 1581 2545 perit
1600 2507 1746 2536 massa

113 2571 154 2610 et
197 2567 440 2609 substantia
495 2567 566 2609 illa
611 2567 717 2608 auri.
792 2568 856 2610 Ita
907 2581 1013 2609 auro
1059 2569 1198 2609 honae
1240 2568 1527 2610 conscientiae
1571 2572 1746 2612 nostrae

254 2683 274 2716 2
303 2680 352 2716 De
366 2694 455 2716 sacr.
474 2684 504 2716 B
527 2685 563 2716 in
583 2695 694 2726 maa-y.
711 2695 731 2715 a
752 2695 861 2716 mmm
880 2689 969 2726 post.
1020 2684 1041 2717 4
1062 2683 1156 2717 sicut
1171 2683 1327 2717 diximus
1341 2696 1406 2717 om.
1428 2686 1468 2717 B.
1522 2685 1541 2717 6
1563 2683 1744 2719 Christum

112 2743 234 2776 jesum
265 2744 304 2776 Β.
402 2743 422 2776 6
438 2762 455 2765 -
475 2743 492 2775 7
520 2742 693 2786 quaedam
715 2742 832 2776 media
851 2742 943 2776 bona
963 2743 1200 2776 consolotaria
1222 2745 1262 2778 B.
1374 2744 1393 2776 9
1421 2744 1455 2776 in
1476 2744 1578 2785 ‹:‚(or)
1606 2743 1743 2784 hlomi-

112 2802 181 2841 m‘s)
209 2802 404 2843 ans-cendit)
434 2803 473 2837 Β.
584 2802 625 2835 14
653 2813 777 2835 currus
800 2804 841 2837 A.
948 2802 990 2836 19
1017 2814 1048 2835 a.
1075 2814 1121 2837 m.
1150 2804 1189 2838 B.
1301 2803 1345 2836 22
1371 2802 1564 2836 nidificatis
1593 2806 1643 2845 A;
1681 2815 1744 2836 om*

112 2860 262 2896 scilicet.
372 2861 416 2895 23
443 2861 510 2903 est]
539 2862 645 2895 esset.
762 2861 805 2894 27
833 2864 889 2895 est
909 2864 1013 2905 ponit
1039 2862 1071 2894 Β
1093 2868 1175 2905 post
1206 2862 1388 2897 confletur.
1505 2861 1586 2905 nisi]
1613 2873 1681 2895 non
1702 2864 1745 2897 Α.

113 2920 158 2953 28
185 2920 290 2964 periit
318 2922 359 2954 Β.

256 3033 265 3051 ¹
299 3034 400 3068 Unde
426 3034 483 3075 hic
509 3046 636 3068 versus
661 3034 871 3068 hexameter
897 3038 1061 3079 sumptus
1087 3035 1145 3075 sit,
1172 3047 1241 3069 non
1268 3035 1402 3075 inveni;
1437 3035 1499 3069 sed
1526 3036 1590 3071 cf.:
1619 3035 1744 3070 Ovid.

114 3097 187 3127 Ars
213 3096 390 3127 amatoria
416 3094 477 3134 Ill,
500 3094 559 3128 62:
589 3094 733 3128 Ludite:
763 3097 847 3128 eunt
873 3095 955 3128 anni
982 3106 1097 3128 more
1123 3094 1314 3128 fluentis
1340 3106 1489 3139 aquae.

258 3151 270 3170 ²
294 3154 479 3186 Decretum
511 3155 684 3187 Gratiani
709 3165 737 3188 c.
767 3154 819 3189 71.
848 3153 885 3189 C.
916 3155 944 3188 1.
973 3166 1029 3198 qu,
1061 3155 1089 3188 1.

1766 1098 1797 1123 10

1765 1519 1797 1543 15

1767 1901 1800 1926 20

1766 2281 1800 2306 25
