2106 3453
514 230 705 270 Tractatus
732 230 791 271 IV.
843 228 894 268 De
921 234 1145 268 sacramento
1172 229 1439 269 incarnationis.
1727 228 1795 268 99*

161 340 301 391 debet,
359 341 432 381 sed
480 342 687 392 tanquam
735 353 825 380 rem
869 339 1139 392 prophanam
1184 341 1225 379 et
1265 338 1477 379 haeresim
1520 339 1793 380 manifestam

160 430 362 469 respuere
396 419 437 457 et
468 428 645 468 prorsus
679 416 896 456 abdicare.

301 504 341 545 4.
388 504 533 544 Modo
575 503 862 555 quaeritur,
905 502 944 543 si
985 504 1186 542 mortuo
1229 501 1436 542 Christo
1471 515 1656 554 eorpus
1690 502 1797 543 eius

160 583 356 621 tantum
392 580 438 620 in
473 580 709 631 sepulcro
744 579 900 619 fuerit
932 581 979 619 et
1012 591 1106 618 non
1142 578 1392 619 Christus.

302 657 392 697 Hoc
438 656 644 708 quidam
692 656 843 696 volunt
887 655 1078 696 dicentes
1124 655 1227 695 istas
1271 654 1587 707 propositiones
1638 654 1794 705 figura-

159 720 296 773 turas:
344 732 539 773 Christus
573 732 613 772 in
655 732 864 784 sepulcro,
900 733 958 772 et:
1000 731 1195 771 Christus
1228 731 1447 772 descendit
1480 730 1533 771 ad
1568 731 1796 778 infernum,

160 808 307 860 sicque
341 807 643 859 exponendas:
691 806 857 859 Corpus
898 807 939 846 in
981 806 1177 858 sepulcro
1217 806 1359 855 iacuit,
1399 806 1545 847 anima
1583 806 1636 847 ad
1673 806 1797 847 infer-

159 898 261 925 num
307 884 540 925 deseendit.
604 883 705 923 Nos
747 883 804 923 de
846 895 1067 935 persona
1109 882 1344 932 dicimus,
1389 882 1503 934 quod
1546 882 1624 922 fuit
1657 882 1697 922 in
1731 896 1797 923 se-

157 961 319 1013 pulcro,
363 960 438 1001 sed
484 960 564 1000 hoe
605 959 841 1001 secuudum
893 971 1047 1010 corpus
1092 958 1257 1008 dieitur,
1304 971 1389 998 non
1430 959 1664 999 secundum
1706 959 1797 999 ani-

157 1050 289 1087 mam,
337 1039 377 1076 et
423 1036 572 1077 eadem
615 1048 802 1087 persona
844 1034 1066 1075 descendit
1098 1034 1153 1074 ad
1187 1034 1416 1084 infernum,
1451 1035 1524 1075 sed
1559 1035 1795 1075 secundum

160 1113 372 1159 animam;
407 1114 450 1152 et
483 1112 541 1153 ita
576 1124 661 1152 non
689 1114 834 1163 partes
861 1124 1087 1163 personae,
1121 1110 1194 1150 sed
1224 1111 1364 1162 ipsam
1390 1122 1620 1162 personam
1652 1111 1795 1151 thema

162 1188 342 1229 facimus
386 1190 427 1229 et
468 1187 694 1229 materiam
739 1187 980 1235 locutionis,
1027 1186 1143 1239 quod
1183 1188 1224 1226 et
1263 1186 1330 1226 ille
1372 1198 1566 1238 paganus
1608 1186 1796 1226 ostendit

157 1264 322 1304 dicens:
370 1263 462 1313 ,Hic
503 1264 609 1304 situs
652 1266 715 1304 est
748 1263 971 1312 Phaeton‘,
1016 1262 1107 1302 sine
1141 1261 1419 1314 expositione,
1467 1261 1505 1301 id
1548 1264 1611 1302 est
1642 1274 1797 1314 corpus

164 1340 431 1389 phaetontis,
468 1352 630 1388 ,currus
664 1339 811 1390 auriga
847 1338 1075 1391 paterni‘l.

303 1429 342 1468 5.
390 1427 534 1468 Modo
567 1426 863 1479 quaeritur,
898 1439 982 1466 cur
1015 1425 1296 1466 deseendit.

299 1503 625 1555 Augustinus
660 1502 705 1542 in
740 1515 939 1543 sermone
972 1502 1025 1542 cle
1058 1501 1420 1542 resurrectione²z
1457 1500 1698 1550 ,Portarum
1734 1501 1796 1541 in-

158 1579 262 1620 ferni
306 1582 448 1621 vectes
488 1579 647 1619 ferreos
691 1579 897 1629 confregit
943 1578 1149 1618 Dominus
1197 1581 1342 1618 noster
1374 1578 1494 1618 Jesus
1528 1577 1723 1618 Christus
1756 1582 1798 1618 et

157 1669 307 1697 omnes
340 1656 488 1705 iustos,
535 1655 606 1707 qui
639 1654 834 1706 originali
866 1656 1046 1707 peccato
1082 1654 1344 1695 tenebantur
1381 1653 1557 1703 astricti,
1597 1654 1722 1694 solvit
1755 1657 1797 1694 et

156 1745 231 1773 eos
265 1745 409 1773 secum
447 1731 500 1773 ad
539 1731 679 1772 caelos
713 1731 856 1771 vexit.‘

300 1823 338 1861 (j.
373 1819 495 1860 Item
531 1819 819 1871 quaeritur,
854 1819 892 1859 si
927 1819 1067 1859 solus
1100 1818 1397 1859 resurrexit.

299 1896 675 1947 Augustinusss:
711 1895 835 1945 ,Cum
868 1895 1078 1936 Dominus
1112 1897 1260 1935 noster
1285 1895 1407 1935 Jesus
1434 1894 1628 1935 Christus
1657 1907 1797 1934 resur-

157 1973 279 2022 rexit,
322 1972 457 2012 multa
503 1984 684 2024 corpora
739 1973 985 2012 sanctorum
1045 1971 1117 2023 qui
1171 1970 1450 2020 dormierant,
1503 1972 1795 2019 surrexerunt,

158 2061 340 2101 quorum
377 2050 660 2088 monumenta
689 2048 728 2088 in
757 2047 847 2087 eius
874 2049 1013 2087 morte
1040 2049 1192 2099 aperta
1224 2052 1337 2088 sunt.
1390 2047 1485 2099 Ipse
1511 2047 1628 2098 prius
1650 2050 1793 2088 tamen

157 2125 404 2174 resurrexit,
438 2126 485 2164 ut
519 2126 631 2164 esset
663 2123 877 2176 primitiae
915 2123 1251 2163 dormientiumf

1821 1044 1851 1069 10

1822 1441 1851 1465 15

301 2213 339 2253 7.
374 2211 521 2252 Modo
567 2211 857 2264 quaeritur,
909 2211 948 2251 si
994 2210 1251 2263 completa
1303 2211 1367 2250 sit
1413 2223 1581 2251 eorum
1626 2222 1850 2251 resur-‘25

157 2287 334 2330 rectio.

304 2470 317 2502 l
347 2480 419 2502 rem
448 2480 511 2502 om.
542 2471 581 2504 B.
679 2470 701 2502 4
728 2469 837 2502 fuerit
862 2481 927 2503 om.
952 2470 990 2503 Β.
1091 2470 1109 2502 7
1134 2475 1213 2512 post
1241 2469 1471 2513 exponendas
1505 2471 1587 2503 add.
1614 2472 1641 2503 I›'
1670 2469 1701 2502 id
1730 2472 1795 2503 ost.

158 2527 268 2561 iacuit
293 2540 357 2561 om.
375 2529 416 2562 B.
515 2528 549 2561 in
576 2528 715 2562 inferno
746 2530 784 2563 B.
902 2528 922 2561 9
949 2541 1017 2562 non
1044 2540 1114 2562 see.
1141 2541 1197 2562 an.
1224 2540 1288 2562 om.
1319 2529 1359 2563 B.
1482 2529 1519 2562 10
1547 2529 1589 2562 ad
1619 2529 1794 2562 infernum

158 2599 222 2621 om.
251 2589 291 2620 B.
407 2587 446 2621 13
474 2587 610 2621 Pheton
634 2591 661 2621 A
680 2590 723 2622 B.
835 2589 873 2622 14
900 2587 1090 2622 Phetontis
1118 2593 1143 2622 A
1164 2589 1205 2622 Β.
1318 2588 1358 2622 18
1386 2588 1510 2622 afflicti
1535 2591 1575 2622 Α.

302 2768 311 2786 ¹
340 2768 488 2803 Ovidii
516 2771 749 2812 Metamorph.
778 2769 803 2810 I,
831 2769 910 2804 327.
962 2769 1007 2804 cf.
1038 2770 1224 2804 Gilhert.
1262 2770 1339 2803 Lib.
1366 2771 1408 2802 de
1435 2770 1538 2803 duab.
1565 2775 1637 2803 nat.
1666 2775 1695 2802 et
1720 2782 1793 2802 mia

152 2841 248 2872 pers.
276 2831 314 2862 in
345 2830 487 2863 Christo
514 2828 582 2864 PL.
613 2829 701 2863 1402
727 2828 769 2864 D.

301 2898 314 2916 ²
340 2902 462 2933 Sermo
489 2903 556 2933 160
583 2902 697 2942 (inter
723 2912 899 2933 sermones
925 2901 1159 2943 snpposz‘tios)
1187 2911 1219 2934 n.
1251 2900 1281 2933 1.
1306 2899 1388 2939 (PL.
1410 2899 1465 2941 39,
1496 2899 1623 2939 2060):
1655 2911 1795 2943 ...por-

158 2960 276 2992 tarum
303 2958 432 2992 inferni
467 2960 591 2992 vectes
629 2959 764 2992 ferreos
800 2958 987 3002 confregit,
1025 2970 1148 2992 omnes
1184 2958 1309 3000 iustos.
1345 2958 1404 3002 qui
1448 2958 1613 3002 originali
1650 2962 1795 3002 peccato

160 3017 300 3052 astricti
326 3017 553 3059 tenebantur,
580 3017 744 3059 absolvit,
774 3020 937 3062 captivos
964 3017 999 3051 in
1024 3017 1227 3051 libertatem
1255 3017 1442 3062 pristinam
1470 3018 1665 3052 revocavit.

300 3087 313 3105 ³
338 3088 383 3122 cf.
413 3088 598 3131 August.
625 3090 737 3122 Serm.
766 3092 844 3123 162.
872 3091 946 3129 (int.
974 3101 1077 3123 serm.
1105 3088 1224 3132 supp.)
1251 3100 1284 3123 n.
1311 3088 1343 3123 2.
1371 3088 1453 3133 (PL.
1481 3088 1535 3129 39,
1564 3088 1681 3128 2065).

1593 3166 1648 3193 ω’*

1593 3194 1614 3214 ὃ
