2106 3453
289 1017 318 1041 10

290 1400 321 1424 15

291 1780 324 1804 20

297 2547 331 2571 :50

332 214 377 247 38
388 211 403 228 *
928 212 1133 247 Sententiae
1161 213 1372 248 divinitatis.

334 317 506 357 libertas
558 319 621 356 est
663 330 688 357 a
730 317 818 357 Deo
861 318 1051 366 auctore,
1099 329 1255 357 nomen
1297 330 1422 357 suum
1466 317 1557 369 ipsi,
1603 331 1627 358 a
1670 331 1755 370 quo
1799 321 1875 368 est,
1922 321 1963 359 et

333 391 450 433 omni
493 391 689 433 rationali
733 394 970 442 creaturae,
1014 406 1064 433 ac
1106 391 1171 432 his
1213 393 1384 445 quidem
1429 393 1779 435 accommodans.
1855 394 1960 436 Cum

333 468 464 508 homo
506 467 660 508 dicitur
701 467 879 508 liberum
923 468 1148 509 arbitrium
1188 468 1348 509 habere
1390 469 1450 509 vel
1485 469 1655 510 volendi
1689 469 1753 510 vel
1787 470 1961 522 potendi

334 544 509 593 bonum,
551 557 600 584 ex
642 543 840 584 libertate
879 543 981 584 data
1020 543 1097 584 sibi
1132 544 1172 584 in
1207 557 1386 585 munere
1419 545 1524 584 liber
1556 545 1814 597 appellatur.
1880 546 1962 586 Sed

335 620 592 669 libertatem,
637 632 723 671 qua
762 622 824 660 est
863 619 970 660 liber
1008 620 1063 661 ad
1102 620 1278 669 malum,
1318 634 1404 661 non
1444 620 1574 661 habet
1617 635 1667 662 ex
1700 622 1787 662 Deo
1821 621 1965 670 dante,

336 696 411 736 sed
445 708 496 736 ex
529 708 573 736 se
606 696 735 736 finem
770 696 870 736 boni
905 698 1026 736 actus
1060 696 1340 748 depravante.

478 771 572 811 Non
617 784 716 811 voro
761 772 910 812 eadem
954 771 1121 813 ratione
1163 772 1362 813 omnibus
1407 786 1562 813 nomen
1608 785 1734 814 suum
1778 774 1966 823 adducit,

337 848 412 888 sed
456 848 594 900 primo
642 848 734 888 loco
774 850 816 888 et
860 849 1032 900 proprie
1077 862 1307 901 personae3
1354 849 1512 891 actioni
1555 863 1656 891 vero
1699 850 1888 891 secundo
1928 852 1969 891 et

339 924 479 964 minus
512 923 697 976 proprie,
730 924 904 976 reliquis
937 927 1082 965 autem
1117 924 1306 976 quodam
1336 927 1462 977 tropo
1491 927 1532 965 et
1557 925 1724 966 ratione
1752 926 1967 967 consortii.

339 1001 527 1042 Persona
562 1013 752 1052 namque
786 1000 940 1041 dicitur
972 1003 1086 1042 recte
1117 1000 1264 1051 libera,
1298 1014 1394 1042 cum
1426 1001 1466 1042 in
1494 1002 1673 1043 veritate
1701 1001 1969 1043 substantiae

340 1077 515 1118 libertas
550 1076 756 1126 consistit,
791 1090 815 1117 a
849 1089 935 1129 qua
968 1076 1061 1129 ipsa
1089 1077 1201 1119 actio
1239 1090 1396 1118 nomen
1425 1077 1504 1118 sibi
1539 1077 1725 1120 vindicat
1754 1081 1795 1118 et
1821 1078 1969 1130 appel-

340 1153 546 1195 lationem
581 1152 846 1193 denominat.
912 1152 1017 1193 Aliis
1045 1166 1145 1194 vero
1173 1153 1214 1193 in
1243 1153 1422 1194 veritate
1444 1154 1712 1195 substantiae
1738 1167 1825 1195 non
1853 1167 1969 1195 com-

340 1229 545 1278 municat,
579 1229 652 1269 sed
685 1229 823 1280 figura
856 1229 1149 1270 translationis
1182 1243 1338 1270 nomen
1372 1243 1496 1271 suum
1532 1230 1799 1272 accomodat.

484 1304 699 1355 Quoniam
720 1304 848 1355 igitur
868 1305 981 1346 Deus
1002 1305 1273 1346 arbitrium
1296 1309 1360 1348 est
1383 1306 1628 1348 discernens
1655 1319 1783 1348 omne
1808 1306 1972 1348 bonum

344 1383 385 1422 et
416 1394 544 1422 omne
577 1381 693 1433 quod
721 1380 882 1421 malum
918 1383 981 1421 est
1014 1394 1107 1423 esse
1139 1382 1315 1432 malum,
1348 1382 1457 1423 vult
1489 1396 1675 1435 quoque,
1709 1382 1784 1423 sed
1812 1383 1973 1424 bonum

343 1459 528 1506 tantum,
563 1457 692 1497 homo
732 1457 892 1498 bonum
934 1459 975 1497 et
1003 1458 1179 1499 malum.
1242 1458 1356 1500 Deus
1383 1472 1468 1499 non
1496 1461 1669 1511 potest
1692 1458 1771 1499 nisi
1799 1459 1973 1509 bonum,

343 1534 473 1573 homo
508 1535 752 1585 utrumque,
789 1533 949 1574 bonum
984 1536 1025 1575 et
1053 1534 1229 1575 malum.
1293 1535 1405 1575 Deus
1439 1548 1523 1575 non
1553 1535 1631 1575 nisi
1667 1535 1828 1575 bonum
1856 1535 1974 1585 agit,

344 1609 474 1650 homo
509 1611 550 1650 et
573 1609 682 1650 bene
718 1611 760 1649 et
786 1609 910 1651 male.
976 1610 1088 1650 Deus
1115 1610 1260 1658 liber;
1298 1610 1427 1651 homo
1456 1610 1540 1651 alia
1566 1611 1744 1660 ratione,
1780 1610 1891 1652 Deus
1919 1610 1975 1652 ad

345 1687 520 1735 bonum,
567 1685 696 1725 bomo
739 1685 794 1726 ad
836 1686 1011 1726 malum.
1076 1685 1224 1738 Itaque
1267 1699 1397 1739 super
1430 1686 1592 1727 bonum
1627 1689 1668 1727 et
1700 1686 1860 1728 malum
1895 1686 1977 1728 ista

345 1761 497 1802 iacent.
562 1762 669 1802 Cum
716 1764 859 1802 autem
907 1762 1052 1802 omnia
1096 1762 1325 1811 discernat,
1372 1762 1572 1803 voluntas
1614 1763 1703 1803 eius
1748 1762 1880 1804 libera
1927 1776 1977 1803 ex

346 1837 551 1879 comitatu
594 1838 840 1889 potestatis,
907 1838 1110 1890 quoniam
1168 1837 1369 1890 quicquid
1425 1838 1526 1887 vult,
1578 1840 1733 1890 potest,
1785 1840 1976 1890 potestas

347 1926 519 1966 quoque
565 1913 699 1954 libera
744 1915 923 1966 propter
965 1913 1165 1955 comitem
1210 1913 1490 1955 voluntatem.
1554 1913 1651 1954 Non
1683 1916 1827 1955 tamen
1862 1914 1975 1955 dico:

348 1990 549 2043 quicquid
592 1991 748 2042 potest,
793 1990 901 2038 vult;
946 1990 1019 2030 sed
1063 1989 1152 2030 eius
1194 1990 1405 2031 voluntati
1449 1990 1667 2031 adversari
1703 2003 1786 2031 non
1822 1992 1976 2042 potest,

348 2066 448 2118 quia
482 2066 588 2106 sicut
625 2066 823 2106 voluntas
857 2078 940 2105 non
978 2069 1041 2106 est
1074 2065 1220 2115 libera,
1255 2066 1334 2106 nisi
1363 2066 1518 2106 comite
1551 2068 1781 2118 potestate,
1813 2065 1871 2107 ita
1905 2079 1979 2106 ne-

294 2163 328 2187 :25
348 2156 566 2195 quaquam
602 2145 795 2194 potestas
838 2142 992 2183 dicitnr
1025 2143 1152 2183 libera
1191 2142 1269 2182 nisi
1303 2142 1458 2183 comite
1492 2142 1725 2183 voluntate.
1790 2142 1978 2195 Ideoque

349 2222 391 2260 et
431 2219 543 2260 actio
585 2218 739 2259 dicitur
780 2218 926 2267 libera,
973 2222 1013 2260 et
1048 2218 1222 2260 libertas
1256 2219 1296 2258 in
1331 2218 1507 2259 arbitrio
1541 2221 1582 2259 et
1616 2220 1829 2270 potestate
1862 2221 1905 2259 et
1936 2218 1975 2258 in

349 2295 535 2343 actionc;
571 2307 656 2348 quo
691 2295 820 2336 libere
854 2295 1048 2347 sequitur
1081 2297 1122 2335 et
1154 2295 1194 2335 in
1229 2295 1321 2347 ipso
1354 2295 1456 2335 Deo.

493 2371 632 2411 Homo
676 2371 848 2423 quidem
894 2371 1054 2412 iudicat
1100 2374 1141 2412 et
1186 2371 1377 2422 angelica
1420 2374 1616 2411 creatura
1665 2370 1775 2411 inter
1820 2370 1978 2411 bonum

352 2451 393 2489 et
438 2447 612 2496 malum,
660 2449 700 2487 et
745 2447 825 2487 hoc
868 2447 1106 2496 arbitrium,
1154 2447 1279 2487 liuius
1312 2446 1489 2487 scientia
1523 2446 1678 2486 mentis
1711 2446 1869 2487 creatio
1904 2449 1979 2488 est.

354 2523 562 2564 Voluntas
608 2523 648 2562 in
688 2523 776 2563 Deo
822 2536 939 2575 usya,
986 2523 1027 2563 in
1071 2523 1243 2564 homine
1286 2523 1444 2563 creatio
1484 2525 1560 2562 est.
1625 2521 1774 2562 Omnis
1808 2510 1994 2574 quidem>

352 2600 439 2641 sive
481 2599 595 2640 bona
637 2598 725 2639 sive
771 2599 898 2648 mala,
944 2600 1019 2639 sed
1060 2599 1196 2650 gratia
1239 2598 1341 2639 data
1387 2600 1427 2638 et
1459 2610 1544 2638 non
1579 2600 1723 2639 creata
1756 2597 1870 2639 bona
1904 2599 1979 2637 est.

495 2731 515 2764 2
542 2742 583 2765 ac
608 2731 665 2764 his
692 2730 848 2775 quidem]
875 2730 942 2764 hac
968 2730 1023 2764 his
1050 2741 1155 2774 quam
1187 2731 1225 2763 B.
1323 2729 1343 2762 3
1370 2728 1501 2761 habere
1528 2740 1592 2762 om.
1623 2730 1663 2761 B.
1760 2729 1783 2761 4
1808 2727 1920 2761 libera
1940 2729 1981 2760 B.

354 2790 371 2823 7
400 2790 480 2832 non]
510 2802 589 2823 nam
610 2792 647 2836 Α·
724 2790 744 2823 9
772 2789 887 2834 tropo]
916 2791 973 2834 trp
992 2790 1031 2822 Β.
1110 2790 1150 2822 10
1178 2799 1254 2821 cum
1284 2799 1347 2821 om.
1367 2789 1406 2821 B.
1484 2787 1525 2820 12
1552 2798 1621 2820 non
1640 2799 1703 2820 our.
1723 2791 1748 2819 A
1839 2785 1879 2819 13
1906 2785 1980 2827 sed]

353 2849 491 2883 scilicet
517 2852 561 2883 A.
663 2850 702 2883 14
730 2849 825 2883 Deus
861 2850 917 2882 est
942 2847 1127 2883 arbitrium
1159 2849 1222 2882 est.
1252 2846 1457 2880 discernens
1484 2857 1586 2879 omne
1611 2845 1740 2878 bonum
1769 2845 1879 2878 libere
1906 2856 1984 2878 esse

353 2909 493 2949 bonum,
521 2910 557 2942 et
583 2920 695 2948 omne,
724 2907 816 2951 quod
839 2907 969 2941 malum
998 2908 1063 2947 est,
1091 2917 1169 2940 esse
1188 2904 1331 2945 malum,
1359 2904 1436 2937 vult
1462 2915 1669 2947 quoque...
1695 2905 1724 2936 B
1829 2903 1871 2936 21
1900 2914 1983 2946 quo-

354 2968 447 3002 niam
475 2980 539 3002 om.
567 2968 608 3003 A.
732 2967 775 3000 23
803 2978 871 3000 non
897 2966 1028 3010 potest]
1064 2977 1132 2999 non
1159 2977 1224 2998 om.
1252 2965 1291 2999 E.
1415 2963 1459 2996 25
1487 2962 1663 2996 diceretur
1683 2963 1715 2995 B
1835 2961 1880 2995 26
1902 2966 1985 3004 post

355 3028 448 3062 actio
475 3029 556 3063 add.
582 3029 611 3060 B
636 3026 758 3060 libera.
856 3025 900 3059 29
927 3024 1060 3059 creatio
1087 3026 1236 3067 scripsi,-
1261 3024 1403 3057 oreatus
1424 3025 1454 3055 A
1482 3022 1612 3055 creatis
1633 3022 1676 3056 Β.
1774 3021 1817 3054 31
1846 3022 1882 3055 et
1900 3020 1982 3061 non]

356 3089 391 3121 et
417 3099 480 3121 om.
508 3087 552 3120 Β.
