2106 3453
339 255 430 291 156*
930 256 1135 290 Sententiae
1162 255 1375 292 divinitatis,

334 362 424 402 Deo
458 374 550 402 esse
584 362 626 401 et
657 373 783 413 posse
817 362 859 400 et
900 360 1020 409 scire,
1063 360 1104 399 id
1145 361 1208 400 est
1247 359 1399 400 eadem
1438 358 1596 399 scilicet
1638 358 1860 398 divinitate
1902 359 1966 398 est

336 437 497 486 volens,
524 440 691 488 potens,
720 436 885 477 sciens.‘
949 435 1112 476 ldem1:
1148 435 1451 486 ,Intelligamus
1478 435 1613 475 Deum
1642 434 1733 474 sine
1760 433 1966 486 qualitate

338 512 513 552 bonum‘
549 514 628 553 etc.

477 587 601 628 Nunc
634 587 692 628 de
725 587 1032 628 diversitate
1058 599 1396 638 personarum
1428 586 1663 627 videamus,
1728 584 1854 634 Quod
1880 586 1966 624 tres

301 678 316 702 5
337 677 548 715 personae
581 663 679 711 sint,
713 663 971 703 auctoritate
1004 662 1226 714 utriusque
1260 661 1507 702 testamenti
1542 660 1807 702 ostenditur2
1849 660 1967 700 iuxta

337 740 458 780 illud:
494 739 548 779 In
576 739 785 792 principio
817 739 966 778 creavit
999 738 1113 778 Deus
1145 739 1300 778 caelum
1333 742 1368 777 et
1400 741 1555 777 terram
1588 737 1710 790 (Gen.
1747 735 1856 788 1,1).
1920 735 1965 775 In

336 815 560 868 principio,
601 815 643 854 id
690 817 753 855 est
797 814 837 854 in
878 814 1002 863 Filio,
1058 814 1138 854 hoc
1181 814 1234 855 de
1279 813 1407 854 Patre
1453 815 1494 854 et
1539 813 1662 859 Filio;
1710 812 1762 853 de
1807 811 1967 863 Spiritu

337 893 488 932 sancto
522 890 811 942 subsequitur,
845 903 941 930 cum
976 889 1147 931 dicitur:
1185 889 1370 942 Spiritus
1407 889 1574 929 Domine?
1603 887 1816 941 ferebatur
1847 900 1969 940 super

336 980 466 1020 aquas
487 966 608 1020 (Gen.
627 967 664 1013 1,
678 966 740 1019 2);
771 968 813 1006 et
832 965 1111 1018 Propheta:
1144 965 1182 1005 V
1180 965 1271 1005 erbo
1288 965 1461 1005 Domini
1481 965 1580 1005 caeli
1596 963 1763 1016 firmati
1783 966 1879 1003 szmt
1899 966 1967 1002 etc.

286 1056 318 1081 10
340 1043 426 1097 (Rs.
443 1044 513 1095 32,
528 1041 585 1095 o').
621 1042 673 1082 Et
693 1041 814 1084 illud:
835 1042 1110 1095 Inprefnczfpio
1133 1045 1222 1081 erat
1238 1039 1584 1094 Verbzmz(J0h.1,
1600 1039 1655 1093 1).
1691 1039 1968 1091 EtAposto-

337 1119 432 1160 lus:
473 1119 676 1170 Qnomssam
705 1132 753 1158 6oe
779 1119 867 1171 ‘ipso
890 1122 925 1158 eb
939 1131 1018 1171 per
1037 1118 1171 1171 ipsimi
1194 1121 1229 1157 et
1249 1118 1294 1157 'in
1315 1117 1402 1170 ipso
1422 1120 1519 1156 semi?
1539 1117 1675 1156 omnia
1696 1115 1801 1169 (Col.
1831 1116 1863 1167 1,
1883 1113 1967 1167 16).

338 1195 445 1236 Item
479 1195 594 1247 quod
629 1194 757 1235 unius
789 1194 843 1235 sit
885 1193 1155 1235 substantiae
1189 1196 1230 1235 et
1269 1193 1397 1234 trium
1441 1204 1740 1245 personarum,
1783 1189 1969 1232 auctori-

338 1272 427 1312 tate
472 1270 770 1324 Hieronymi
818 1270 1079 1319 ostenditur,
1137 1269 1327 1310 scribens
1372 1268 1428 1310 ad
1476 1269 1747 1309 Damasum
1785 1279 1967 1319 papam

338 1346 528 1389 dicens3:
560 1347 896 1397 ,Confundentes
919 1346 1069 1387 Arium
1097 1359 1228 1388 unam
1257 1345 1526 1397 eandemque
1553 1342 1839 1385 substantiam
1867 1341 1970 1382 dici-

287 1441 318 1465 15
339 1436 448 1474 mus,
484 1423 750 1476 impietatem
778 1423 952 1464 Sabellii
984 1423 1249 1464 declinantes
1284 1425 1369 1463 tres
1399 1434 1608 1474 personas
1640 1431 1864 1472 expressas
1890 1417 1970 1458 sub

337 1500 603 1552 proprietate
635 1499 965 1551 distinguimusf

483 1576 715 1617 Sciendum
748 1578 975 1628 praeterea
1006 1578 1154 1625 restat,
1197 1575 1336 1627 ipsum
1382 1574 1423 1614 in
1466 1572 1667 1614 omnibus
1708 1571 1836 1613 rebus
1878 1583 1971 1611 esse

341 1655 383 1696 et
415 1653 560 1693 omnia
594 1653 636 1692 in
670 1653 762 1705 ipso
797 1665 903 1702 esse,
937 1652 1013 1693 sed
1051 1652 1174 1693 aliter
1216 1653 1257 1692 et
1298 1650 1421 1691 aliter
1438 1652 1463 1690 4.
1528 1650 1637 1689 Sunt
1678 1649 1719 1688 in
1762 1648 1854 1699 ipso
1888 1660 1972 1699 ‘per

341 1728 720 1771 sustentationem:
768 1728 849 1769 nisi
888 1727 1000 1768 enim
1041 1727 1131 1780 ipse
1170 1726 1316 1768 omnia
1355 1726 1597 1775 sustineret,
1644 1724 1889 1765 fatiscerent
1931 1725 1972 1763 et

286 1821 320 1846 20
340 1807 380 1847 in
416 1806 592 1847 nihilum
628 1805 869 1846 tenderent.
934 1804 1090 1845 Omnia
1122 1804 1164 1844 in
1198 1804 1290 1856 ipso
1324 1803 1378 1845 ab
1412 1805 1588 1844 aeterno
1622 1801 1806 1849 fuerunt,
1849 1802 1970 1841 ante-

340 1895 471 1935 quam
506 1883 660 1922 essent.
726 1880 845 1921 Sicut
878 1894 978 1922 arca
1005 1883 1238 1932 antequam
1269 1879 1355 1929 fiat,
1392 1881 1455 1920 est
1481 1879 1524 1919 in
1566 1879 1569 1930 Ι
1610 1880 1754 1918 mente
1782 1876 1969 1926 artificis,
1992 1886 2010 1910 f·
2035 1886 2092 1912 106.

340 1958 401 1999 ita
433 1958 475 1998 in
511 1958 598 1998 Deo
638 1957 783 1998 omnia
823 1957 878 1998 ab
918 1959 1108 1997 aeterno.
1172 1956 1267 2008 Ipse
1312 1955 1467 1996 dicitur
1511 1954 1553 1994 in
1597 1953 1798 1994 omnibus
1842 1952 1970 1993 rebus

343 2048 434 2076 esse
466 2046 543 2086 per
576 2033 806 2074 essentiam
842 2036 882 2074 et
915 2032 1213 2082 essentialiter,
1257 2045 1340 2072 non
1374 2030 1667 2084 potentialiter
1698 2031 1881 2078 tantum,
1915 2030 1970 2068 ut

485 2212 505 2245 5
532 2211 688 2245 ostendit
709 2213 749 2244 A.
845 2211 862 2244 7
891 2212 927 2244 et
953 2209 1088 2254 Spiritu
1116 2212 1156 2244 A.
1257 2208 1277 2242 8
1305 2208 1427 2242 dicens
1455 2209 1495 2242 Β.
1595 2208 1615 2241 9
1641 2205 1787 2248 firmati]
1815 2204 1902 2239 facti
1928 2206 1970 2238 Β.

346 2271 387 2305 13
412 2271 569 2305 ostendit
589 2274 631 2305 Α.
707 2270 750 2304 20
777 2282 858 2304 nam
885 2270 1003 2303 omnia
1024 2271 1065 2304 Β.
1139 2269 1183 2302 22
1206 2274 1286 2312 post
1312 2270 1457 2301 aeterno
1483 2269 1565 2300 (cdd.
1588 2268 1619 2300 Β
1648 2265 1747 2299 Unde
1773 2264 1971 2298 Johannes:

344 2331 471 2364 Omnia
507 2331 541 2364 in
577 2331 654 2375 ipso
690 2330 766 2363 vita
799 2332 910 2363 erant.
962 2328 1039 2362 Etsi
1067 2328 1184 2362 omnia
1210 2327 1245 2360 in
1271 2327 1348 2371 ipso
1376 2338 1439 2371 per
1465 2326 1733 2370 dispositionem
1760 2324 1904 2358 fuerunt
1929 2323 1972 2357 ab

343 2392 498 2431 aeterno,
525 2402 594 2424 non
620 2392 740 2423 tamen
767 2389 884 2422 omnia
910 2388 1053 2421 fuerunt
1080 2387 1123 2421 ab
1151 2389 1305 2421 aeterno.

488 2537 499 2554 1
525 2536 719 2579 August„
749 2538 798 2570 De
828 2537 959 2569 Τνίηίν.
988 2535 1022 2571 [ι.
1052 2534 1093 2570 V.
1121 2546 1149 2569 c.
1177 2535 1202 2570 I.
1230 2546 1262 2568 n.
1291 2534 1322 2567 2.
1364 2533 1445 2574 (PL.
1473 2533 1528 2571 42,
1557 2532 1655 2566 9123:
1696 2562 1701 2568 .
1727 2560 1733 2566 .
1757 2558 1763 2565 .
1783 2532 1823 2565 ut
1849 2531 1900 2564 sic
1926 2530 1973 2564 in-

343 2597 551 2640 telligamus
576 2595 690 2629 Deum
713 2624 718 2630 .
741 2623 747 2629 .
773 2621 777 2626 .
798 2595 874 2628 sine
901 2594 1075 2639 qualitate
1102 2593 1242 2634 bonum,
1270 2593 1347 2626 sine
1374 2592 1577 2636 quantitate
1604 2602 1784 2634 magnum.

488 2655 500 2673 ‘²
525 2657 587 2689 SS.
616 2656 642 2694 Ι,
664 2655 683 2688 6
713 2654 770 2696 (50
786 2654 840 2695 D).

488 2714 500 2732 ³
528 2714 626 2748 Haec
643 2713 794 2758 epistola
816 2713 881 2747 sub
901 2713 1021 2747 titulo:
1050 2714 1273 2755 Explancctio
1293 2712 1441 2755 symboli
1462 2712 1508 2743 ad
1529 2712 1727 2743 Damasmn
1755 2708 1848 2742 inter
1868 2719 1975 2752 opera

346 2775 466 2819 spuria
493 2774 548 2809 St,
575 2773 830 2817 Hieronymi
858 2772 1010 2806 habetur
1039 2771 1114 2815 (Ep.
1142 2770 1238 2805 XVI.
1265 2770 1332 2805 PL.
1361 2769 1417 2809 30,
1443 2769 1506 2802 176
1526 2769 1575 2809 Β).
1627 2768 1713 2802 Cum
1740 2779 1866 2802 revera
1886 2778 1974 2811 opus

346 2833 518 2876 Pelagii
555 2833 612 2872 sit,
652 2832 687 2865 in
724 2832 878 2866 editione
904 2831 1049 2873 Migne
1085 2831 1177 2864 inter
1213 2841 1318 2874 opera
1354 2828 1409 2862 St.
1438 2827 1675 2871 Augustini
1711 2828 1885 2872 impressa
1920 2829 1975 2860 est

347 2892 427 2931 (PL.
455 2893 510 2933 45,
541 2892 654 2932 1716).
708 2891 820 2925 Locus
847 2890 890 2924 ab
917 2892 1064 2924 auctore
1090 2891 1210 2923 nostro
1237 2888 1368 2922 allatus
1394 2887 1575 2921 invenitur
1599 2899 1632 2931 p.
1661 2887 1764 2921 1717:
1793 2886 1910 2929 Atque
1936 2887 1975 2919 ut

346 2953 572 2986 confutantes
601 2951 722 2984 Arium
749 2962 853 2984 unam
882 2949 1101 2993 eandemque
1128 2948 1278 2982 dicimus
1304 2946 1493 2980 Trinitatis
1525 2958 1604 2980 esse
1630 2945 1868 2980 substantiam
1891 2973 1897 2980 .
1921 2973 1926 2979 .
1950 2962 1972 2989 .;

347 3013 398 3045 ita.
436 3011 656 3055 impietatem
695 3008 838 3043 Sabellii
876 3009 1097 3042 declinantes
1134 3010 1208 3041 tres
1246 3018 1417 3051 personas
1456 3016 1627 3050 expressa
1665 3004 1718 3038 sui
1756 3004 1974 3048 proprietate

348 3069 624 3115 distinguimus„

489 3129 502 3147 4
528 3130 590 3162 SS.
616 3129 643 3169 1,
670 3129 691 3161 4
720 3127 776 3170 (48
792 3128 846 3165 A).
