2106 3453
384 229 545 268 Analyse
569 229 634 259 der
654 227 716 260 SD
741 227 817 258 und
838 226 1028 257 Naehweis
1050 226 1114 256 der
1134 227 1329 257 benutzten
1351 225 1515 261 Quellen.
1721 223 1763 256 21

272 331 418 371 Dieser
438 330 675 381 Erklarung
695 329 798 369 aber
818 328 982 369 scheint
1003 328 1095 368 eine
1119 327 1247 368 Stelle
1269 327 1343 367 des
1363 327 1420 368 hl.
1443 327 1660 379 Augusti
1673 340 1700 366 n
1709 340 1765 366 us

131 420 183 447 zu
215 409 392 455 trotzen,
427 419 473 446 so
506 405 619 445 sithrt
651 418 780 445 unser
807 405 944 445 Autor
975 405 1071 453 fort,
1106 403 1291 444 ni'unlich
1320 405 1441 453 jene:
1478 404 1567 453 ,llla
1593 406 1762 452 natura,

131 496 242 536 quae
275 495 445 534 semper
477 482 618 533 genita
650 484 796 521 manet
829 494 879 521 ex
912 480 1040 520 Patre
1075 483 1277 520 naturam
1309 482 1504 519 nostram
1543 479 1633 520 sine
1666 492 1764 531 pee-

125 561 226 599 ·cato
261 558 446 610 suscepit
469 591 476 598 .
502 591 508 598 .
534 566 555 598 .·
602 557 704 597 Hier
736 557 874 597 bleibe
906 556 1043 596 nichts
1068 556 1249 596 anderes
1275 556 1410 607 iibrig,
1446 556 1507 596 als
1541 556 1617 595 das
1642 555 1765 595 VVort

133 637 313 684 ,natura‘
357 633 424 673 fiir
467 636 677 685 ,persona‘
722 646 773 672 zu
814 632 1013 672 nehnien.
1087 632 1209 672 D'iese
1250 631 1583 683 Ausfi'ihrungen
1624 631 1765 671 haben

131 711 197 750 fur
222 714 302 750 uns
322 709 507 750 -deshalb
529 709 597 749 ein
616 709 877 749 besonderes
903 708 1125 757 Interesse,
1155 708 1249 748 weil
1271 708 1330 748 sie
1354 707 1611 759 grofaenteils
1632 710 1764 747 wort-

130 786 211 826 lich
237 786 313 825 mit
340 785 455 826 einer
482 785 611 825 Stelle
645 798 722 825 aus
755 785 837 825 den
865 784 1104 825 Sentenzen
1132 784 1205 824 des
1243 784 1425 824 Petrus
1450 783 1764 823 Lombardus

129 861 521 910 iibereinstinn‘nen,
556 861 635 901 wie
668 861 735 901 die
768 860 1206 912 Gegeniiberstellung
1238 859 1444 900 erweisen
1478 864 1624 910 moge:

361 966 422 998 SD
449 966 482 997 S.
506 966 572 996 59*
601 966 637 996 Z.
662 968 690 997 3.

178 1025 255 1057 Cui
285 1024 563 1057 eontrarium
585 1024 785 1063 videtur,
808 1024 925 1062 quod

130 1084 410 1124 Augustinus
449 1083 561 1114 dicit
598 1083 643 1113 in
682 1083 822 1113 libro:

130 1144 224 1174 fide
245 1144 296 1174 ad
318 1143 514 1174 Petrum:
542 1143 623 1182 ,Nec
645 1142 823 1173 divinitas
842 1142 928 1172 alie-

131 1196 220 1233 nata'
245 1206 295 1234 est
322 1211 342 1233 a
364 1204 497 1233 natura
518 1201 635 1233 Patris
655 1202 857 1232 secundum
879 1200 929 1240 id,

132 1262 231 1301 quod
258 1262 296 1292 in
323 1261 509 1301 principio
536 1250 614 1291 erat
640 1261 822 1299 Verbum;
865 1268 930 1291 nec

132 1321 342 1352 humanitas
367 1320 445 1351 eius
472 1320 632 1351 alienata
668 1319 718 1350 cst
751 1328 770 1350 a
797 1322 930 1350 natura

131 1380 269 1419 matris,
309 1380 509 1411 secundum
544 1379 593 1419 id,
634 1379 733 1418 quod
769 1379 929 1409 ¹verbum

131 1448 217 1471 earo
254 1439 391 1470 factum
428 1441 488 1469 est.

133 1507 228 1538 quae
255 1507 397 1537 semper
428 1497 551 1537 genita
584 1500 706 1528 manet
741 1506 785 1528 ex
812 1498 929 1537 Patre,

120 1560 304 1589 >naturam
332 1560 493 1589 nostram
520 1557 598 1588 sine
628 1559 776 1596 peccato
812 1565 929 1588 susce>-

131 1617 195 1657 pit,
223 1620 262 1648 ut
289 1619 501 1648 nasceretur
527 1625 570 1647 ex
598 1616 753 1656 virgine.
790 1616 930 1646 Natura

131 1677 228 1707 enim
257 1679 404 1707 aeterna
431 1675 683 1714 temporaliter
720 1675 864 1714 concipi
898 1677 931 1705 et

131 1736 231 1767 nasei
269 1744 313 1766 ex
352 1735 500 1766 homine
545 1735 755 1766 nullatenus
800 1736 929 1774 posset,

547 1438 618 1469 Illa
650 1438 747 1469 enim
785 1440 929 1477 natura,

131 1794 199 1826 nisi
228 1795 430 1826 seeundum
463 1794 729 1833 susceptionem
766 1793 930 1824 veritatis

132 1855 316 1885 humanae
349 1855 475 1884 veram
509 1853 784 1892 conceptionem
821 1855 930 1892 atque

132 1913 361 1944 nativitatem
389 1912 590 1944 ineffabilis
622 1912 661 1942 in
688 1921 724 1943 se
752 1911 929 1943 divinitas

130 1972 382 2012 temporaliter
409 1972 626 2011 accepisset.‘
666 1972 720 2001 Ex
748 1971 815 2002 hae
843 1979 927 2002 auc-

131 2033 275 2063 toritate
302 2032 461 2071 videtur,
501 2032 600 2070 quod
638 2030 767 2061 divina
794 2032 928 2060 natura

663 2090 743 2122 Sed
794 2090 926 2119 vehe-

674 2149 791 2188 quod
836 2157 927 2178 eam

131 2092 333 2122 humanam
385 2090 589 2130 assumpsit.

132 2154 301 2181 menter
345 2159 421 2181 nos
466 2152 627 2190 movet,

131 2210 326 2250 genitam
371 2218 421 2240 ex
460 2210 590 2240 Patre
630 2207 929 2239 aeternaliter

132 2272 245 2300 etex
272 2269 449 2300 homine
482 2271 629 2299 natam
662 2267 927 2306 temporali-

133 2331 197 2359 ter
224 2328 351 2368 dioit,
391 2328 478 2359 nisi
511 2328 627 2358 forte
653 2330 815 2357 natura
848 2335 928 2365 pro

132 2396 325 2427 persona
346 2387 418 2421 hic
440 2386 698 2426 accipiatur
718 2411 725 2417 .
749 2411 784 2417 ..
821 2387 928 2417 Ecce

127 2455 181 2477 tex
233 2447 300 2478 his
351 2449 539 2486 apparet
591 2448 796 2477 naturam
849 2454 929 2484 pro

132 2515 325 2545 persona
356 2505 593 2545 accepisse.
645 2505 866 2544 Alioquin
893 2505 928 2536 si

134 2565 384 2596 dixerimus
420 2568 637 2605 naturam,
675 2573 787 2604 quae
814 2574 927 2596 oom-

133 2624 276 2656 munis
328 2628 390 2656 est
439 2624 573 2655 trium
618 2633 928 2664 personarum,

132 2683 329 2723 genitam
356 2692 463 2724 esse,
498 2683 627 2722 procul
655 2683 769 2714 dubio
796 2686 929 2714 natura

132 2742 253 2782 genita
280 2743 387 2773 Pater
412 2751 485 2773 non
512 2744 573 2782 est,
610 2742 722 2772 immo
750 2750 770 2772 a
796 2744 929 2773 natura

133 2802 261 2842 Patris,
290 2810 383 2841 quae
403 2811 477 2832 non
497 2804 548 2832 est
567 2801 699 2841 genita,
727 2801 848 2847 aliena
868 2804 928 2832 est.

133 2861 265 2892 Nulla
291 2861 405 2892 enim
432 2869 499 2892 res
525 2863 603 2900 est,
642 2868 752 2899 quae
784 2869 825 2891 se
862 2860 928 2900 ip-

134 2929 220 2950 sam
269 2929 482 2960 generare
526 2919 682 2959 possit,
727 2922 772 2950 ut
816 2920 929 2950 idem

134 2979 408 3018 Augustinus
448 2979 509 3009 ait
546 2979 590 3009 in
630 2978 774 3018 primo
809 2979 930 3009 libro

128 3038 184 3068 de
211 3038 448 3069 Trinitate:
477 3038 610 3069 Nulla
637 3047 704 3069 res
730 3041 792 3069 est
819 3047 930 3077 quae

134 3105 175 3128 se
201 3097 341 3136 ipsam
367 3100 557 3137 generet.

870 1083 926 1113 De
965 1083 1246 1122 Augustinus

964 965 1074 995 Petr.
1108 965 1249 996 Lomb.
1289 964 1384 996 sent.
1420 964 1441 995 l.
1465 964 1533 995 ΙΙΙ.
1563 964 1595 995 d.
1619 965 1649 995 5.
1683 966 1764 995 6.1.

1019 1024 1097 1056 Cui
1143 1023 1328 1054 videtur
1381 1023 1586 1063 obviare,
1646 1024 1765 1062 quod

1309 1082 1371 1113 ait
1432 1082 1476 1112 in
1536 1082 1656 1113 libro
1710 1083 1766 1113 De

968 1142 1060 1173 fide
1100 1142 1151 1172 ad
1192 1142 1387 1172 Petrum:
1452 1142 1535 1181 ,Nec
1580 1141 1766 1181 divinitas,

968 1201 1100 1241 inquit,
1147 1201 1280 1232 Christi
1322 1201 1442 1231 aliena
1486 1204 1537 1231 est
1575 1209 1595 1231 a
1634 1204 1766 1231 natura

969 1260 1097 1300 Patris,
1136 1260 1337 1291 secundum
1370 1260 1408 1290 id
1449 1260 1548 1299 quod
1587 1259 1625 1290 111
1664 1259 1765 1298 prin-

1447 1327 1512 1350 nee
1557 1318 1767 1349 humanitas

969 1379 1046 1410 eius
1100 1379 1220 1409 aliena
1273 1381 1324 1409 est
1375 1387 1394 1409 a
1448 1381 1581 1409 natura
1641 1378 1768 1409 matris

969 1319 1066 1358 cipio
1105 1322 1183 1350 erat
1227 1319 1395 1359 verbum,

969 1439 1171 1469 secundum
1223 1438 1272 1478 id,
1325 1438 1424 1476 quod
1469 1438 1631 1469 Verbum
1683 1446 1767 1469 caro

1246 1497 1316 1527 Ula
1355 1497 1452 1527 enim
1488 1500 1632 1537 natura,
1673 1506 1767 1536 quae

968 1566 1112 1596 semper
1143 1557 1265 1597 genita
1292 1559 1415 1587 manet
1440 1565 1483 1587 ex
1510 1557 1627 1597 Patre,
1661 1559 1765 1588 natu-

969 1625 1048 1647 ram
1086 1620 1248 1648 nostram
1287 1615 1365 1646 51116
1407 1618 1554 1655 peccato
1599 1616 1766 1656 suscepit,

969 1498 1105 1528 factum
1133 1500 1192 1528 est.

969 1679 1008 1707 ut
1022 1679 1233 1707 nasceretur
1247 1684 1291 1706 ex
1307 1675 1476 1714 virgine.‘
1505 1676 1595 1706 Hac
1616 1678 1765 1707 aueto-

969 1735 1104 1765 ritate
1120 1734 1591 1774 videturtradi,quod
1608 1735 1766 1766 divina

1689 1795 1765 1825 ubi

969 1855 1257 1885 vehementer
1301 1853 1473 1883 moveri
1515 1862 1765 1893 possumus,

971 1914 1087 1952 quod
1115 1922 1205 1944 cam
1232 1912 1431 1953 genitam
1465 1913 1766 1944 aeternaliter

970 1981 1019 2003 ex
1035 1974 1164 2003 Patre
1180 1971 1765 2012 dioit,nisifortenaturam

969 1798 1131 1826 natura
1164 1795 1400 1825 humanam
1433 1794 1645 1833 suseepit;

967 2041 1047 2071 pro
1074 2041 1266 2071 persona
1294 2032 1365 2063 hie
1394 2032 1602 2071 accipiat.
1640 2032 1764 2063 Alio-

968 2091 1076 2130 quin
1103 2091 1137 2122 si
1167 2091 1416 2122 dixerimus
1443 2094 1649 2121 naturam
1683 2091 1765 2122 tri-

966 2151 1046 2181 bus
1085 2150 1288 2189 personis
1327 2159 1597 2181 communem
1641 2151 1764 2190 geni-

967 2212 1051 2240 tam
1091 2218 1198 2249 esse,
1238 2212 1437 2240 occurrunt
1474 2209 1581 2240 nobis
1620 2218 1663 2240 ex
1701 2210 1764 2240 ad-

1134 2277 1228 2308 quae
1272 2269 1311 2299 in
1356 2272 1511 2300 tractatu
1557 2269 1601 2299 de
1645 2269 1764 2299 Trini-

967 2331 1038 2358 tate
1077 2328 1325 2368 disseruimus,
1374 2328 1437 2359 ubi

968 2277 1084 2309 verso,

1484 2328 1645 2359 diximus
1692 2338 1765 2359 non

967 2390 1138 2418 naturam
1165 2390 1348 2427 naturam,
1375 2388 1437 2418 sed
1464 2396 1658 2427 personam
1680 2397 1764 2427 per-

967 2455 1094 2478 sonam
1132 2446 1309 2486 genuisse.
1374 2446 1486 2482 Quia
1530 2446 1564 2477 si
1604 2449 1765 2478 natura

967 2505 1196 2545 genuisset
1216 2509 1438 2545 naturam,
1467 2515 1560 2537 cum
1587 2515 1673 2536 una
1694 2514 1763 2536 ea-

969 2566 1154 2604 demque
1204 2565 1261 2596 sit
1310 2567 1471 2596 natura
1510 2565 1764 2605 Trinitatis,

968 2625 1117 2655 eadem
1156 2632 1224 2654 res
1262 2632 1303 2654 se
1342 2623 1483 2662 ipsam
1522 2624 1764 2664 genuisset,

969 2684 1084 2723 quod
1135 2683 1410 2722 Augustinus
1472 2692 1597 2722 posse

968 2744 1107 2781 negat

1016 2801 1294 2832 Lombardus
1321 2801 1489 2832 verweist
1515 2810 1572 2831 am
1599 2801 1765 2832 Schlusse

968 2860 1106 2892 zuriiok
1135 2860 1197 2891 auf
1223 2860 1245 2890 l.
1268 2860 1296 2891 I.
1326 2860 1359 2891 d.
1383 2861 1442 2891 IV.
1470 2870 1498 2892 6.
1523 2863 1552 2900 1,
1592 2870 1647 2890 wo
1688 2861 1762 2891 die-

968 2920 1066 2951 selbe
1093 2919 1201 2951 Stelle
1228 2928 1293 2950 aus
1316 2919 1540 2959 Augustinus
1566 2919 1684 2950 zitiert
1710 2920 1764 2960 ist,

969 2979 1037 3009 wie
1064 2979 1102 3009 in
1131 2979 1200 3010 den
1228 2979 1298 3011 SD.

1658 2683 1763 2714 fieri
