2106 3453
866 180 1053 223 Prologus.
1728 177 1748 211 3
1757 174 1774 194 *

139 301 262 342 super
283 291 435 329 terram
453 286 569 341 (Luc.
589 286 626 337 4,
644 286 733 337 25),
756 290 800 325 ub
821 285 1018 339 octogyinta
1040 282 1242 337 arpenteis
1262 285 1383 335 caput
1405 281 1515 321 asim·
1535 280 1775 321 venderetur

141 367 408 419 temporibus
431 364 743 418 prophetarum
767 362 883 403 Eliae
910 365 951 403 et
979 361 1130 402 Elisaei
1153 360 1250 414 (IV.
1274 359 1370 413 Ray.
1395 359 1433 411 6,
1457 357 1544 411 25).
1597 358 1773 399 Caelum

141 442 354 494 significat
396 439 666 483 altitudinem
710 438 944 479 divinitatis
987 437 1224 478 secundum
1266 435 1387 476 illud:
1454 434 1685 475 Ascetm'am
1730 434 1775 473 in

140 519 291 558 caelum
314 522 349 557 et
369 516 516 557 similis
535 529 602 556 ero
623 515 821 555 altissin‘to
843 514 1000 568 (13.14,
1016 514 1102 566 14).
1150 512 1370 564 Significat
1391 511 1518 552 etiam
1543 510 1777 563 quemlibet

141 594 324 643 fidelem,
372 594 436 634 ut:
494 592 574 644 Qui
618 590 776 631 habitat
816 591 859 630 in
891 590 1025 641 caelis,
1067 588 1254 629 irridebit
1295 601 1357 628 eos
1390 587 1476 640 (Ps.
1511 587 1550 638 2,
1580 585 1645 637 4);
1690 586 1776 626 Do-

141 671 278 710 minus
301 671 344 709 ιή
365 668 510 722 templo
533 671 672 708 sancto
692 680 765 707 seco
786 671 855 707 etc.
873 666 958 719 (Ps.
979 667 1045 714 10,
1063 665 1120 719 5).
1174 664 1435 716 Plerumque
1458 663 1586 704 etiam
1604 661 1777 702 nomine

142 746 248 787 caeli
299 745 406 786 visio
446 744 694 786 caelestium
738 744 1000 784 secretorum
1046 741 1293 794 percipitur,
1333 742 1380 780 ut
1424 740 1465 779 in
1501 737 1776 791 Apostolo:

145 822 237 863 Scio
274 821 477 861 hommem
518 825 686 873 raptum
730 832 854 873 usque
895 818 949 858 ad
982 819 1148 858 tertium
1181 817 1335 857 caelum
1376 815 1455 869 (H.
1497 815 1588 856 Cor.
1613 815 1681 865 12,
1704 813 1777 867 2.),

143 898 183 938 id
219 899 295 947 est,
331 896 579 938 caelestium
614 897 878 936 secretorum
911 894 1133 934 visionem.

284 973 415 1014 Sunt
454 972 695 1025 equidem
734 974 837 1011 tres
870 970 1120 1011 visiones:
1161 968 1409 1020 corporalis,
1449 965 1681 1019 spiritualis
1714 964 1780 1005 vel

145 1049 413 1101 imaginaria,
477 1048 602 1090 tertia
666 1046 964 1087 intellectualis
1026 1045 1114 1086 sive
1168 1044 1382 1085 mentalis.
1477 1040 1780 1094 Corporalis

146 1127 223 1174 est,
276 1138 361 1177 qua
423 1124 618 1165 videmus
670 1123 815 1175 aliqua
867 1121 1084 1173 corporeis
1135 1120 1283 1169 oculiS,
1336 1121 1385 1160 ut
1436 1118 1627 1159 Elisaeus
1678 1117 1782 1157 vidit

146 1201 301 1253 ignitos
363 1212 511 1241 currus
563 1199 661 1252 (IV.
704 1198 801 1252 Rey.
834 1196 1074 1251 2,]1899.)
1128 1195 1441 1247 Imaginaria
1494 1207 1579 1234 seu
1633 1192 1781 1244 spiri-

145 1276 324 1325 tualis,
384 1288 469 1328 qua
518 1274 726 1326 imagines
772 1286 1017 1325 corporum,
1075 1285 1161 1312 non
1206 1272 1322 1323 ipsas
1365 1284 1433 1311 res
1478 1269 1541 1310 vel
1587 1280 1782 1321 corpora,

146 1352 320 1405 spiritus
353 1354 499 1392 noster
538 1350 665 1400 videt,
707 1350 771 1390 vel
811 1349 852 1389 in
897 1348 1072 1397 somnis,
1113 1350 1159 1388 ut
1205 1347 1358 1388 Petrus
1403 1346 1567 1386 discum
1607 1344 1783 1397 plenum

149 1429 277 1470 variis
359 1427 617 1469 animalibus
692 1426 800 1479 (Act.
850 1427 917 1477 10,
964 1425 1016 1464 11
1061 1423 1177 1479 899).
1288 1422 1451 1463 Dicitur
1537 1420 1783 1473 spiritualis,

147 1506 354 1559 quoniam
417 1518 503 1545 non
574 1503 706 1545 oculis
769 1502 973 1555 corporis,
1046 1501 1122 1542 sed
1184 1499 1479 1552 spiritualibus
1537 1498 1783 1551 percipitur.

148 1583 310 1624 Dicitur
353 1581 482 1623 etiam
525 1579 781 1631 imaginaria
823 1592 888 1628 eo,
947 1577 1063 1630 quod
1106 1590 1193 1617 non
1232 1576 1326 1629 ipsa
1365 1589 1432 1617 res
1477 1575 1544 1615 vel
1589 1587 1784 1626 corpora,

148 1659 222 1699 sed
244 1671 392 1699 eorum
415 1659 648 1699 cernuntur
679 1655 900 1706 imagines
970 1654 1116 1694 Tertia
1151 1655 1215 1694 est
1246 1650 1639 1700 intellectualis,
1675 1663 1786 1702 quae

149 1735 188 1775 in
223 1733 466 1785 cognitione
498 1733 631 1785 ipsius
664 1732 900 1774 divinitatis
934 1733 975 1773 et
1008 1730 1255 1772 caelestium
1284 1732 1547 1771 secretorum
1578 1727 1785 1776 consistit,
1807 1742 1820 1767 ε

150 1823 262 1863 quae
300 1813 415 1851 recte
454 1809 753 1851 intellectualis
795 1808 963 1850 dicitur.
1026 1807 1123 1860 Ipsa
1163 1806 1275 1847 enim
1311 1819 1361 1846 ea
1404 1805 1444 1845 vi
1485 1803 1641 1845 mentis
1674 1816 1787 1856 quae

150 1885 305 1927 dicitur
332 1886 572 1928 intellectus
600 1886 812 1935 videntur,
847 1897 959 1937 quae
992 1896 1078 1924 non
1106 1885 1206 1924 sunt
1233 1894 1429 1934 corpora,
1464 1893 1552 1921 non
1579 1879 1787 1930 imagines

150 1975 395 2015 corporum,
418 1975 531 2015 quae
551 1964 615 2003 est
637 1962 728 2014 ipsa
751 1974 872 2002 mens
895 1963 936 2001 et
957 1959 1096 2000 omnis
1117 1959 1299 2008 affectio,
1318 1957 1512 2006 virtutes,
1534 1969 1601 1997 res
1618 1955 1787 1995 univer-

152 2039 276 2089 sales,
311 2051 420 2091 quas
453 2039 543 2079 sola
581 2038 691 2080 ratio
720 2037 848 2087 videt,
882 2039 928 2077 ut
961 2036 1118 2088 probat
1143 2034 1391 2075 Boethius
1431 2033 1478 2073 in
1511 2032 1641 2072 libro
1670 2044 1788 2072 con-

152 2115 464 2157 solationum
481 2116 507 2155 1.
559 2114 677 2155 Haec
700 2113 867 2165 dignior
887 2115 952 2153 est
975 2112 1086 2161 aliis3
1115 2111 1195 2152 hac
1218 2110 1377 2151 etenim
1398 2121 1520 2149 niens
1540 2109 1666 2159 rapta
1687 2107 1787 2147 sub·
1808 2127 1823 2152 2

152 2191 321 2232 vehitur
341 2190 383 2230 in
399 2190 513 2231 illam
536 2190 659 2242 quasi
680 2189 1005 2241 intelligibilium
1022 2187 1256 2238 regionem.
1290 2185 1414 2226 Unde
1435 2187 1477 2225 et
1491 2184 1573 2225 ista
1588 2183 1789 2224 inferiora

156 2280 266 2308 vana
300 2266 520 2316 diiudicat,
555 2266 671 2308 bona
704 2266 890 2315 animae,
923 2267 1076 2317 utpote
1109 2264 1288 2304 virtutes
1322 2264 1364 2303 et
1390 2260 1628 2309 scientiam,
1662 2259 1789 2300 affec-

153 2345 230 2384 tat.
293 2342 386 2383 Hac
431 2342 594 2383 visione
636 2342 801 2384 caelum
846 2341 969 2382 nobis
1012 2340 1216 2392 aperitur,
1260 2337 1436 2391 quando
1481 2335 1626 2376 divina
1658 2334 1790 2387 inspi-

154 2419 321 2460 ratione
365 2422 442 2460 aut
485 2418 616 2460 etiam
661 2418 853 2460 humana
899 2417 1066 2458 ratione
1105 2418 1274 2458 creator
1315 2413 1575 2465 agnoscitur,
1614 2411 1790 2463 quando

155 2495 298 2537 studio
332 2481 635 2547 magistrorum
678 2508 750 2537 cor
782 2495 1091 2547 discipulorum
1123 2492 1323 2534 reficitur.
1389 2489 1565 2531 Caelum
1602 2501 1790 2540 namque

156 2572 349 2613 clausum
389 2572 556 2622 dicitur,
600 2584 697 2612 cum
742 2571 944 2613 caelestia
977 2572 1142 2612 secreta
1176 2571 1217 2610 et
1249 2566 1488 2620 spiritualia
1520 2566 1634 2606 bona
1668 2564 1792 2604 nobis

158 2648 441 2698 occultantur,
465 2661 542 2689 nec
563 2647 671 2700 pluit
697 2661 836 2689 annos
859 2650 946 2688 tres
979 2649 1021 2688 et
1047 2658 1217 2687 menses
1239 2657 1326 2694 sex,
1360 2656 1457 2684 cum
1485 2655 1562 2694 per
1587 2640 1792 2694 mysteria

303 2797 344 2830 14
371 2795 454 2840 qua]
481 2807 571 2840 quae
599 2798 640 2831 Α.
742 2795 783 2828 16
811 2793 962 2838 Dicitur]
990 2793 1112 2827 Tertia
1139 2792 1246 2826 etiam
1276 2791 1326 2825 sic
1354 2790 1484 2824 dicitur
1510 2791 1554 2823 A.
1655 2787 1696 2821 18
1723 2799 1794 2821 cor-

159 2867 267 2900 porea
294 2859 336 2890 A.
481 2856 522 2889 21
553 2866 595 2889 ea
626 2855 662 2888 vi
695 2855 775 2896 eta]
812 2866 854 2888 ea
880 2865 970 2898 quae
996 2853 1052 2886 vis
1073 2851 1204 2886 mentis
1231 2850 1370 2890 dicitur,
1399 2861 1488 2894 quae
1516 2847 1720 2882 intellectus
1747 2846 1795 2882 vi-

161 2915 288 2949 dentur
310 2917 352 2949 A.

306 3047 316 3064 ¹
343 3047 492 3081 Boeth.
525 3048 625 3081 Cous.
649 3047 739 3089 phil.
767 3044 842 3078 Lib.
869 3043 912 3078 V.
943 3044 1051 3077 Prosa
1076 3041 1137 3076 IV.
1164 3040 1246 3085 (PL.
1274 3040 1330 3081 63,
1357 3039 1473 3074 849A
1491 3038 1546 3082 R).

1594 3099 1651 3139 a*

1803 981 1834 1006 lO

1806 1359 1837 1383 15

1810 2506 1844 2530 30
