2106 3453
279 1038 309 1062 10

279 1419 310 1443 15

279 1798 313 1822 ‘20

281 2182 313 2207 25

330 234 394 268 152
405 233 421 250 *
920 233 1126 269 Sententiae
1153 235 1368 270 divinitat-is.

327 338 520 378 confiteri
548 338 777 386 sacerdoti5
796 339 1053 379 confiteatur
1080 338 1276 389 diacono,
1299 340 1399 391 quia
1424 339 1594 380 diaconi
1616 341 1679 379 est
1701 352 1959 391 cognoscere

327 414 379 455 de
399 416 590 466 peccato.
644 414 685 454 Si
708 428 786 455 nec
806 413 1032 455 diaconem
1061 415 1251 456 invenire
1277 416 1432 467 potest,
1461 415 1720 456 confiteatur
1746 415 1957 467 proximo.

330 490 395 530 Fit
430 489 540 530 enim
573 490 577 540 1
607 490 760 541 dignus
793 490 917 531 venia
951 503 1003 530 ex
1035 490 1247 531 desiderio
1282 490 1549 532 sacerdotis‘.

471 566 591 606 Item
645 566 943 618 quaeritur‚.
985 566 1023 605 si
1076 565 1228 607 liceat
1272 567 1512 607 confiteri
1558 567 1632 606 illi
1682 567 1961 617 sacerdoti,

328 641 412 694 qui
457 644 667 694 propter
711 654 800 682 sua
841 644 1053 694 peccata
1096 642 1158 683 ab
1193 642 1411 684 ecclesia
1445 645 1519 683 est
1552 645 1837 695 separatus.
1902 642 1962 683 De

328 717 410 758 hoc
442 716 587 757 scribit
620 717 986 768 Augustinus1:
1022 717 1149 767 ,Nulli
1176 718 1347 770 penitus
1379 718 1539 758 licitum
1573 718 1628 758 sit
1660 731 1737 759 sua
1770 718 1964 759 confiteri

329 796 506 845 peccata
548 793 605 833 illi
649 793 875 842 sacerdoti,
921 793 994 845 qui
1027 806 1051 833 a
1097 793 1273 844 collegio
1318 794 1497 834 fratrum
1545 796 1608 834 est
1651 796 1877 845 separatus
1923 795 1964 834 et

329 869 505 909 honoris
537 868 671 919 gloria
703 869 935 910 saecularis
969 869 1244 921 exspoliatus,
1287 870 1361 910 sed
1395 869 1616 910 meliorem
1650 882 1776 921 quem
1811 882 1964 921 possu-

330 959 425 986 mus
459 948 501 985 et
533 945 825 986 discretiorem
860 945 1068 985 debemus
1102 945 1269 997 eligere,
1313 959 1366 986 ne
1408 946 1441 985 si
1482 959 1633 987 caecus
1667 958 1793 987 caeco
1833 945 1964 985 duca-

329 1023 419 1062 tum
460 1021 681 1073 praebeat,
723 1021 853 1061 ambo
896 1021 937 1061 in
971 1022 1137 1062 foveam
1172 1022 1359 1063 cadant‘.
1424 1022 1466 1062 Si
1514 1022 1625 1062 enim
1668 1035 1746 1074 pro
1790 1021 1965 1062 vulnere

330 1097 541 1149 corporali
575 1097 795 1137 meliorem
832 1110 959 1149 quem
1000 1110 1231 1150 possumus
1273 1097 1485 1139 medicum
1521 1098 1711 1138 invenire
1744 1097 1966 1138 contendi-

330 1186 439 1222 mus,
473 1173 609 1213 multo
644 1173 779 1224 magis
811 1186 888 1224 pro
924 1173 1098 1214 vulnere
1132 1173 1303 1215 animae
1337 1173 1392 1214 ad
1426 1173 1644 1214 meliorem
1683 1186 1810 1225 quem
1844 1173 1967 1213 novi-

330 1262 426 1290 mus
460 1249 604 1300 fugere
636 1249 857 1290 debemus.
915 1249 1038 1290 Unde
1071 1249 1329 1290 Fabianus
1356 1263 1507 1302 papa:
1544 1249 1788 1302 ‚Presbyter
1820 1249 1854 1289 si
1887 1248 1967 1290 cri-

333 1325 546 1366 minaliter
577 1326 770 1377 peccavit
803 1327 843 1365 et
878 1325 1104 1378 episcopus
1138 1325 1228 1366 eius
1261 1325 1470 1367 discretus
1504 1326 1642 1376 tuerit,
1678 1325 1793 1378 apud
1827 1325 1968 1378 ipsum

333 1401 557 1451 iudicetur,
591 1401 781 1454 alioquin
815 1401 1018 1460 abbatem
1052 1402 1192 1454 eligat,
1227 1402 1300 1455 qui
1332 1404 1554 1454 spectatae
1580 1402 1694 1444 vitae
1725 1402 1779 1442 sit
1805 1404 1846 1442 et
1871 1402 1968 1442 reli-

333 1478 483 1530 gionis,
519 1481 560 1519 et
587 1478 623 1519 ei
645 1478 930 1519 confiteatur‘.
976 1478 1082 1518 Item
1110 1477 1450 1531 Hieronymus
1477 1491 1628 1530 super
1655 1478 1913 1530 Aggaeum
1934 1480 1966 1519 2;

335 1556 393 1606 ‚Si
426 1555 627 1597 sacerdos
661 1568 718 1604 eS‚
768 1554 820 1595 de
854 1555 945 1605 lege
978 1555 1259 1607 respondeas;
1307 1554 1341 1595 si
1375 1555 1513 1606 legem
1548 1555 1733 1606 ignoras,
1767 1553 1968 1596 sacerdos

334 1645 420 1673 non
456 1645 515 1681 es,
558 1631 743 1683 ideoque
775 1634 817 1672 te
850 1631 1026 1672 dimisso
1061 1619 1168 1672 licet*
1189 1631 1292 1671 mihi
1325 1631 1380 1672 ad
1419 1631 1601 1672 alterum
1643 1631 1871 1672 transferre
1904 1630 1970 1672 vel

336 1707 534 1750 transire.
598 1707 641 1748 Si
677 1719 777 1758 ergo
810 1707 1045 1748 secundum
1088 1720 1276 1749 canones
1315 1707 1418 1748 dicis
1451 1707 1581 1748 alium
1624 1707 1825 1756 iudicare,
1866 1706 1969 1747 nihil

334 1784 450 1826 aliud
483 1797 612 1836 quam
649 1783 871 1836 imperitus
904 1782 1109 1833 medicus,
1145 1783 1217 1835 qui
1243 1783 1478 1824 secundum
1508 1783 1728 1836 physicam
1757 1783 1968 1835 promittit

334 1873 491 1902 sanare
524 1859 772 1900 infirmum‘.
838 1859 914 1899 His
947 1859 1278 1900 auctoritatibus
1310 1860 1532 1911 probatur,
1567 1859 1682 1911 quod
1716 1871 1844 1911 quem
1878 1871 1968 1899 me-

334 1937 480 1977 liorem
522 1948 753 1988 possumus
796 1935 1004 1977 debemus
1045 1935 1210 1986 eligere.
1291 1936 1335 1976 Si
1378 1936 1634 1985 inveniatur,
1682 1935 1797 1987 quod
1841 1948 1968 1976 nemo

335 2013 463 2054 debet
507 2012 721 2053 dimittere
766 2012 988 2064 proprium
1035 2012 1303 2054 sacerdotem
1352 2015 1393 2052 et
1434 2012 1488 2052 ad
1533 2012 1663 2053 alium
1706 2011 1765 2052 ire
1809 2014 1850 2052 et
1882 2024 1967 2051 non

334 2090 462 2131 debet
495 2101 670 2129 manum
705 2089 876 2129 mittere
908 2088 950 2128 in
984 2088 1169 2129 alienam
1204 2101 1400 2138 messem,
1437 2089 1494 2129 ita
1527 2087 1847 2138 intelligendum
1884 2089 1966 2128 est:

335 2166 431 2207 Non
477 2165 604 2207 debet
648 2165 864 2206 dimittere
906 2178 1035 2206 causa
1069 2165 1155 2206 odii
1188 2166 1229 2206 et
1269 2178 1319 2206 ex
1359 2167 1609 2217 contemptu
1648 2167 1689 2205 et
1730 2163 1838 2204 alius
1882 2176 1967 2203 non

335 2242 463 2283 debet
495 2241 667 2283 mittere
698 2241 848 2282 falcem
884 2241 926 2281 in
959 2241 1144 2282 alienam
1178 2253 1362 2281 messem
1396 2253 1528 2281 causa
1565 2239 1814 2291 temporalis
1849 2239 1966 2280 lucri.

477 2377 758 2418 Praeterea
792 2377 962 2418 decem
998 2376 1227 2417 notanda
1261 2378 1375 2416 sunt
1408 2376 1454 2416 in
1488 2375 1753 2428 paenitentia
1771 2376 1798 2424 3,
1845 2374 1969 2426 quin-

337 2468 420 2507 que
459 2453 569 2495 circa
609 2454 849 2506 peccatum,
892 2453 1049 2494 scilicet
1094 2452 1329 2504 quantitas,
1376 2451 1575 2504 qualitas,
1620 2451 1752 2501 locus,
1797 2453 1968 2502 tempus

482 2603 497 2635 1
527 2601 696 2635 diaconus
722 2602 841 2645 potest
867 2612 1082 2643 cognoscere
1107 2599 1146 2634 Β.
1305 2600 1325 2633 2
1352 2599 1419 2633 Sed
1448 2599 1476 2633 si
1503 2611 1570 2632 non
1593 2602 1636 2633 A.
1797 2600 1818 2632 4
1844 2598 1903 2632 illo
1929 2601 1967 2632 A.

338 2663 358 2696 5
386 2662 516 2695 delicta
542 2662 585 2696 B.
636 2661 655 2693 6
684 2660 837 2704 penitus]
866 2672 1011 2704 prorsus
1035 2659 1075 2694 Β.
1127 2660 1145 2693 7
1173 2659 1205 2693 ei
1227 2661 1267 2692 B.
1319 2659 1339 2692 8
1367 2661 1403 2692 et
1422 2658 1565 2692 honoris
1585 2657 1727 2701 cingulo
1748 2658 1969 2702 exspoliatus

337 2722 443 2755 immo
471 2721 513 2754 Β.
583 2720 718 2754 11—12
745 2719 1004 2762 contendimus]
1031 2719 1200 2753 debemus
1231 2723 1269 2752 Α.
1339 2718 1383 2752 22
1410 2718 1472 2752 sed
1500 2718 1529 2751 si
1557 2717 1598 2752 B.
1660 2717 1704 2751 23
1733 2717 1896 2751 amittere
1923 2720 1963 2751 A.

338 2780 382 2815 25
410 2780 501 2814 alius
527 2792 589 2813 om⁴
619 2780 661 2813 Α.

481 2893 492 2911 ¹
518 2894 562 2927 cf.
590 2905 618 2927 c.
648 2894 677 2929 l.
706 2894 738 2928 d.
766 2895 785 2927 6
813 2893 855 2927 de
882 2894 1014 2938 paenit.

482 2953 493 2971 ²
518 2953 829 2998 Hieronymus,
874 2955 1060 2987 Comment.
1088 2955 1124 2986 in
1152 2954 1331 2995 qucceum
1358 2963 1387 2985 c.
1416 2951 1459 2986 11.
1501 2950 1581 2992 (PL.
1609 2950 1664 2990 25,
1694 2950 1814 2989 1406):
1854 2949 1889 2983 Si
1916 2961 1967 2983 sa-

338 3013 462 3047 cerdos
488 3015 553 3052 est,
582 3013 673 3047 sciat
698 3012 814 3056 legem
842 3012 999 3047 Domini:
1039 3011 1070 3046 si
1106 3012 1248 3055 ignorat
1282 3010 1409 3054 legem,
1447 3010 1522 3055 ipse
1557 3022 1596 3044 se
1631 3009 1751 3053 arguit
1785 3020 1853 3042 non
1889 3019 1967 3042 esse

337 3072 479 3106 Domini
514 3072 747 3108 sacerdotem.
799 3071 1002 3106 Sacerdotis
1035 3070 1128 3105 enim
1161 3072 1216 3104 est
1250 3069 1342 3104 scire
1376 3069 1490 3113 legem
1518 3071 1554 3103 et
1580 3069 1625 3103 ad
1651 3067 1965 3112 interrogationem

338 3131 550 3176 respondere
577 3131 619 3165 de
644 3131 736 3174 lege.
834 3129 846 3147 3
872 3130 918 3165 cf.
944 3128 1217 3174 Ps.-August.
1245 3129 1282 3163 L.
1309 3140 1337 3163 c.
1365 3140 1397 3173 p.
1429 3127 1529 3162 1124.

1981 503 2000 527 f.

2022 503 2081 528 105.
